2925 6525
421 1085 491 1162 3m
673 1052 1065 1128 LIBRISUB

466 1199 647 1272 destinatum
682 1196 824 1290 dignitati
857 1195 939 1271 ilh'ro
975 1196 1155 1266 mmmtiae.
1197 1194 1236 1264 Et
1259 1217 1318 1266 cum

468 1315 547 1383 folio
573 1309 713 1382 secundo
744 1308 852 1407 incipit
881 1311 986 1381 titulus
1013 1334 1052 1380 ac
1084 1310 1234 1407 prologus
1257 1308 1319 1381 Ruf-

466 1428 529 1500 fini.
1195 1477 1205 1516 ,
1337 1514 1340 1519 Ι

514 1545 549 1616 ln
571 1542 634 1612 fine
656 1541 736 1612 verb
757 1540 836 1612 folio
860 1565 955 1615 verso
977 1542 1212 1636 subscriptionis
1232 1533 1325 1634 incipit

467 1660 630 1754 registrum
656 1658 940 1753 quinternionurn,
967 1657 1056 1754 quod
1081 1684 1157 1730 cunr
1183 1658 1256 1729 folio
1279 1682 1320 1727 se·

469 1777 576 1873 quenti
601 1775 791 1846 terminatur.
821 1773 917 1845 Caret
940 1775 1080 1869 signati,
1108 1800 1196 1847 num.
1220 1793 1248 1844 et
1264 1797 1321 1845 cus·

471 1891 605 1965 indibus.
629 1891 753 1984 Paginae
775 1891 806 1958 in
827 1890 990 1961 columnas
1011 1914 1080 1960 non
1102 1890 1289 1969 dividuntur„
1335 1890 1343 1905 ‘

518 2008 686 2106 Exemplar
709 2007 834 2103 elegans
855 2026 887 2078 et
909 2010 1080 2080 intonsum.

290 2180 475 2311 Ἰἰ8
513 2223 664 2306 Statura
690 2226 858 2306 civitatis
890 2220 1094 2304 Ferrariae.
1130 2225 1199 2305 In·
1200 2218 1265 2304 sol

175 2243 359 2512 s!
520 2434 555 2505 ln
573 2435 634 2504 fine
650 2432 748 2503 ultimi
765 2431 831 2503 folii
848 2431 979 2526 legitur·
1000 2433 1087 2502 Laus
1110 2435 1165 2501 deo
1183 2456 1262 2501 anno
1277 2420 1321 2500 [ni

471 2570 522 2641 M.
546 2568 681 2641 CCCC.
702 2567 859 2641 LXXVI.
881 2573 980 2640 Seuer
1003 2571 1087 2638 Ferr.

442 2772 444 2776 ·
518 2742 691 2813 Character
718 2742 873 2838 gothicus.
900 2741 992 2814 Extat
1019 2741 1053 2812 in
1087 2741 1151 2812 fine
1180 2742 1321 2838 registrum

469 2857 724 2953 quinternionum
739 2910 750 2944 ,
767 2859 834 2928 sine
852 2883 917 2955 quo
935 2859 1017 2928 foret
1032 2858 1232 2953 impossibilis
1247 2857 1323 2929 folio·

469 2997 538 3044 rum
570 2972 742 3066 dispositio.
769 2973 943 3069 Completu
968 2972 1185 3046 difficillimum
1209 2996 1253 3047 est
1271 2977 1325 3045 hoc

467 3089 744 3183 raritatisingentis
768 3094 920 3162 volumen
942 3090 1029 3187 quod
1056 3118 1168 3181 num.,
1184 3094 1285 3188 signat.
1300 3107 1327 3159 et

468 3205 591 3280 custod.
623 3227 719 3281 caret.
752 3208 841 3282 Male
864 3234 941 3305 ergo
963 3210 1172 3307 Bibliograplu
1205 3215 1326 3281 instruct.

469 3344 580 3397 auctor
610 3328 773 3419 appellat,
802 3345 875 3421 post
905 3325 1063 3414 Orlandi,
1085 3326 1329 3422 Typographurn

467 3443 598 3513 nornine
626 3441 759 3528 Severi3
784 3461 830 3512 est
857 3444 941 3514 enirn
972 3442 1140 3513 Severinus
1164 3445 1330 3514 ferrarien·

467 3559 532 3642 sis3
555 3559 595 3629 de
626 3584 720 3655 quo,
746 3577 777 3629 et
803 3559 870 3627 libri
894 3557 1125 3652 descriptione,
1148 3560 1220 3630 vide
1246 3561 1332 3629 Batu-

468 3674 539 3746 fudi
561 3677 773 3769 Typograpiria
792 3679 955 3749 Ferrarcse.
978 3698 1132 3770 stampato
1156 3680 1332 3747 inforare

473 3814 589 3884 1777,
612 3790 710 3864 iri-8⁰.

194 3933 292 4083 ff
314 3918 389 4082 ts
423 4010 472 4093 19
498 3985 676 4069 Historia
695 3987 928 4072 Fiorentina
944 3986 984 4073 di
1005 3988 1221 4075 Leonardo
1239 3991 1331 4072 Are·

181 4122 356 4238 mm?
473 4121 559 4199 tino
581 4117 751 4201 tradotta
770 4117 812 4201 di
836 4122 985 4202 Latino
1009 4125 1051 4202 in
1070 4118 1211 4236 lingua
1231 4121 1331 4204 Tos-

194 4251 331 4470 7773]
469 4275 568 4332 cana
605 4247 654 4333 da
685 4249 851 4335 Donato
886 4249 1099 4379 Acciajoii.
1143 4251 1261 4365 Impr.
1294 4250 1331 4330 in

374 4677 402 4730 l

166 4957 402 5107 Α
