2925 6525
149 729 1296 993 -i-

406 1386 444 1459 A
466 1388 501 1461 N
524 1386 560 1459 N
584 1386 620 1459 0
672 1410 775 1483 ¹472·
983 1414 1046 1483 27¹

188 1522 356 1595 Constat
383 1522 429 1619 38
463 1524 555 1597 foliis.
584 1522 689 1593 Editio
719 1525 775 1593 vix
802 1522 930 1619 cognita
959 1528 1052 1595 etde

149 1640 229 1737 quit
255 1642 355 1713 silent
382 1640 608 1737 Bibliographi.
637 1638 721 1711 Vide
750 1662 856 1711 tamen
881 1640 1052 1712 Schoeffli-

158 1782 268 1847 nntn¹
290 1760 496 1855 vindiciamm
532 1758 725 1853 Typogiaph.
763 1784 831 1849 cap.
864 1758 946 1847 lv,
974 1786 1051 1856 pag.

171 1878 236 1965 4⁶.

153 2070 266 2155 812
294 2068 401 2155 bella
430 2100 550 2155 mano
575 2070 617 2157 di
640 2075 775 2186 giusto
806 2069 855 2154 dc
881 2077 1050 2157 conti...
1117 2040 1312 2177 pff?

189 2233 255 2347 pes
282 2234 342 2283 me
378 2202 593 2316 Scipionem
630 2203 877 2315 Malpiglium
918 2201 1051 2287 Bono·
1103 2226 1162 2368 ὤ

195 2363 368 2416 mensem.
395 2336 457 2415 M.
482 2334 647 2418 CCCC.
669 2332 846 2415 LXXII.
870 2332 998 2433 In·4⁰·

163 2566 165 2571 ·
238 2540 370 2613 Constat
392 2566 433 2613 ex
456 2567 501 2635 7⁰
515 2543 614 2621 foliis.
642 2541 726 2614 Vide
751 2542 860 2612 Pinelli
883 2565 962 2613 tom.
984 2544 1055 2635 lv,

201 2656 252 2732 ii.
287 2683 410 2753 2229,
446 2678 480 2731 et
512 2659 683 2731 Crevenna
710 2712 722 2748 ‚
749 2679 828 2730 tom.
867 2660 948 2746 lV,
982 2688 1055 2757 pag.

211 2774 252 2873 58.
275 2776 376 2871 Operi
399 2796 536 2871 praesunt
562 2800 605 2867 14
627 2802 733 2848 versus
755 2776 828 2848 ioh.
852 2776 996 2869 Baptistae
1015 2778 1056 2849 de

209 2890 379 2989 Rtffrigetiis
401 2894 443 2965 de
465 2893 612 2966 Bononii
631 2896 663 2963 in
683 2893 810 2965 laudem
833 2894 954 2965 domini
974 2892 1058 2982 justi.

195 3006 253 3109 ¹in
273 3031 381 3099 autent¹
398 3012 578 3100 Bononiae,
600 3030 653 3081 aut
675 3012 727 3081 ubi
750 3010 856 3106 Scipio
880 3010 1056 3105 Maipigiius

216 3122 574 3219 impresseritfaffirmare
597 3154 663 3198 non
685 3129 790 3200 valeo,
820 3128 991 3199 Chatacter
1010 3151 1058 3199 est

217 3242 315 3338 elegans
337 3265 370 3316 et
395 3243 573 3341 quadratus.
599 3246 729 3342 Absque
752 3246 862 3341 signat.
881 3300 892 3335 ,
921 3248 1057 3317 numeris

220 3379 241 3428 tt
257 3362 366 3434 custod.
391 3363 483 3432 Liber
506 3363 674 3433 rarissimus
691 3384 722 3434 et
739 3364 906 3458 originalis.
928 3367 960 3432 ln
977 3365 1056 3435 Cre·

219 3497 304 3548 ttnnae
336 3481 507 3574 exemplari
540 3479 704 3550 deficiebat
737 3481 849 3551 folium
879 3483 1015 3574 primum
1043 3536 1057 3572 ,

221 3593 282 3665 ndi
302 3594 367 3685 ejus
394 3596 563 3692 descriptio
593 3622 659 3666 non
688 3615 733 3665 est
761 3616 914 3669 accurata.
943 3599 1061 3667 Mazu-

219 3707 286 3780 cicili
308 3733 339 3784 et
369 3713 531 3808 Apostolo
556 3713 646 3784 Zeno
671 3765 683 3802 ,
710 3716 845 3809 giornnlc
875 3717 912 3781 dc
937 3716 1062 3782 litterati

218 3846 273 3900 nn.
296 3854 374 3926 34,
401 3857 475 3926 pag.
513 3833 535 3900 6
539 3855 569 3924 3.
602 3828 810 3900 Contendunt
842 3853 914 3898 eam
947 3830 1061 3898 factam

149 4009 153 4032 ,
216 3939 380 4018 Bononiae:
416 3947 472 4018 ted
501 3947 606 4018 Pietro
639 3947 835 4017 Valvasense
863 3946 893 4012 in
927 3949 1063 4013 memorie

207 4085 254 4148 pn
274 4070 374 4134 tenire
395 4091 416 4132 a
440 4070 473 4133 la
496 4068 589 4134 storia
619 4067 766 4133 litteraria
790 4085 864 4131 toni.
887 4063 971 4149 XI,
987 4089 1063 4158 pag.

213 4201 250 4276 59
276 4203 301 4248 ce
320 4203 450 4272 sequent.
476 4179 650 4250 Contendit
678 4206 749 4250 eam
780 4179 896 4249 factam
924 4181 1064 4251 Vetonae

204 4298 243 4364 iit
266 4324 357 4394 pitane
379 4301 470 4368 alvisi
492 4326 506 4368 c
528 4301 652 4368 Albcrto
672 4297 793 4384 fratelli
817 4321 917 4390 1472.

163 4517 207 4600 ¹9
237 4490 299 4572 De
327 4491 404 4576 fide
427 4521 466 4577 ct
490 4499 570 4579 vita
597 4493 744 4578 Christi
770 4495 942 4579 Antonii
965 4491 1066 4578 Cot·
1123 4469 1296 4622 Γ

203 4628 350 4706 nazani
364 4621 582 4711 Placentini
602 4630 715 4712 vatis.
738 4627 869 4737 In·4⁰.

1112 4606 1162 4678 O(

1134 4679 1194 4754 lil-
