2925 6525
315 1413 349 1486 Α
373 1410 408 1488 Ν
432 1406 529 1487 ΝΟ
580 1432 683 1516 1475.
893 1445 960 1518 351

149 1553 259 1626 nudavit
296 1556 355 1622 sub
387 1555 483 1621 Sixto
518 1553 599 1626 1111.
623 1578 714 1646 pon:
744 1573 849 1630 max:
874 1561 964 1630 abso·

149 1693 263 1739 zsum
294 1673 333 1738 A
365 1669 404 1738 M
425 1668 551 1742 CCCC
584 1662 750 1762 LXXV,
785 1692 873 1747 xtur
904 1678 964 1747 Ca»

149 1791 172 1857 i
200 1789 297 1859 Iunii
322 1786 461 1874 feliciter.
497 1790 584 1860 Laus
609 1793 674 1861 deo.

149 1905 240 1999 Operi
265 1906 461 2000 premittitur
486 1904 633 1998 praefatio
662 1903 787 1980 Nicolai
820 1912 963 2006 Gupao-

149 2024 282 2092 ‘Veneti
311 2026 357 2092 ad
389 2026 516 2092 Sirium
548 2025 603 2094 W
628 2023 723 2096 Porri.
751 2053 840 2101 max.
874 2030 963 2103 ctia-

149 2158 187 2212 ter
228 2165 379 2212 romanus
406 2164 419 2227 ;
464 2141 582 2237 absque
620 2142 730 2237 signat.
757 2195 770 2233 ,
804 2169 893 2218 num.
928 2167 961 2220 et

149 2280 167 2328 t.
210 2259 297 2330 toto.
339 2283 434 2328 verso
472 2258 703 2353 subscriptionis
741 2278 825 2332 extat
863 2263 961 2359 regis·

149 2401 169 2445 n
207 2377 465 2472 quaternionum.
500 2374 584 2447 Vide
624 2376 739 2450 David
781 2378 960 2474 Climent,

149 2497 326 2564 osaundo
342 2545 355 2585 ,
373 2521 451 2591 pag.
481 2491 562 2568 218.
752 2503 754 2506 ⁴

149 2715 261 2776 nctus
303 2691 554 2806 Augustinus
591 2687 641 2776 de
676 2694 836 2779 civitate
867 2693 960 2781 Dei.

149 2824 265 2906 eneriis
304 2821 450 2908 Jenson
499 2848 599 2935 1475
635 2887 650 2934 ,
692 2816 800 2907 sexto
839 2859 960 2911 nonas
1032 2737 1150 2950 dau

149 2954 286 3043 trobris.
313 2952 453 3040 In·fol.
477 2983 530 3040 m.
559 2980 616 3039 r.

1020 2670 1193 2794 ff*

149 3166 262 3265 tbsque
285 3167 456 3264 signaturis.
482 3165 656 3239 Character
678 3166 832 3263 gothicus.
858 3168 958 3242 [itte-

150 3286 336 3380 principales
361 3313 439 3357 auro
465 3306 496 3357 et
521 3285 680 3357 coloribus
705 3285 837 3381 depictae
860 3309 957 3378 sunt,

150 3429 172 3471 n
195 3423 284 3496 parte
306 3404 456 3497 superiori
485 3403 552 3475 folii
579 3402 701 3498 prim-i,
729 3403 763 3472 in
784 3403 895 3486 medio
915 3405 957 3477 ti·

154 3520 286 3614 iegitur:
310 3523 458 3590 Nicolaus
470 3522 587 3593 Jcrtsort
612 3520 663 3589 Ga
693 3523 699 3536 '
751 3555 778 3595 .‘

149 3636 214 3708 tide
235 3638 266 3707 la
288 3637 427 3708 Vallidre
451 3637 512 3709 N⁰.
535 3656 618 3735 451.

149 3860 231 3939 ncti
270 3853 490 3969 Augustini
527 3852 824 3980 confessionum
863 3848 954 3937 libri
1037 3816 1229 3994 1⁸3³*

149 3991 208 4073 11.
234 3990 362 4102 In·40.
712 3971 805 4068 .'·-
1044 3955 1187 4136 M
1241 4107 1245 4116 Ι

149 4211 161 4269 i
189 4219 276 4271 textu
305 4199 558 4279 retractationum
582 4197 614 4270 S.
642 4193 781 4268 doctoris
814 4195 950 4292 incipit,

149 4344 169 4388 ts
192 4320 304 4413 pagina
319 4318 419 4414 prima
437 4338 484 4388 est
507 4320 552 4388 26
571 4317 744 4401 linearum,
768 4334 800 4385 et
819 4313 851 4383 in
867 4316 950 4405 stne,

149 4461 300 4523 merso,
320 4438 499 4507 charactere
522 4434 643 4528 capitaii
666 4433 803 4528 iegitur:
830 4435 950 4503 Aurelii

149 4557 251 4640 {turini
271 4553 494 4643 confessionum
519 4555 620 4622 tertius
640 4553 769 4623 dccimrcs
791 4573 880 4642 aapuc
901 4555 949 4622 ut·
1018 4595 1020 4599 ·

149 4697 173 4743 tr
190 4673 264 4742 liber
280 4674 410 4765 explicit.
432 4672 506 4745 Deo
523 4671 651 4767 gratiosi
