2925 6525
427 1056 474 1124 24
568 1030 667 1108 LIB.
697 1029 766 1099 AB
794 1026 1036 1099 INVENT.
1068 1025 1194 1099 TYP.

521 1166 614 1239 Hanc
640 1190 707 1236 esse
731 1165 928 1260 principem,
950 1165 1060 1240 saltem
1079 1142 1153 1239 cum
1177 1175 1355 1268 commen-⁴

472 1288 579 1373 tariis,
601 1285 703 1361 multa
722 1281 852 1357 suadere
875 1281 1031 1354 videntur.

528 1441 575 1494 1⁰.
591 1419 790 1516 Imperfectio
801 1419 909 1490 indicis
925 1419 1085 1513 capitum,
1098 1444 1195 1515 quam
1211 1421 1351 1494 correxit

475 1538 676 1638 Schnyfher‚
697 1536 807 1610 in'suai
825 1538 972 1614 editione.

524 1697 575 1750 2⁰.
609 1675 848 1748 Commentaria
874 1675 1048 1746 tribuuntur
1072 1675 1104 1744 in
1131 1674 1350 1771 Moguntinai,

475 1797 615 1869 Thornae
640 1794 783 1881 Valois,
813 1810 844 1863 et
864 1793 1004 1863 Nicolao
1026 1790 1187 1881 Triveth,
1208 1794 1239 1862 in
1259 1796 1352 1865 titulo

476 1917 653 2008 impresso;
676 1912 707 1981 in
729 1911 789 1982 bac
812 1909 891 1980 verri
914 1911 1016 1981 titulus
1040 1911 1269 2005 manuscriptus
1292 1936 1350 1984 so-

476 2031 498 2109 li
519 2029 658 2109 Thomae
680 2055 718 2101 ea
738 2027 893 2108 adscribit,

529 2180 578 2262 3⁰.
604 2163 823 2262 Capitulorum
852 2164 929 2241 tituli
960 2164 1135 2263 eommque
1162 2166 1287 2241 numeri
1318 2169 1350 2238 in

476 2280 732 2382 Schoyfherianai
755 2282 993 2378 imprimuntur,
1016 2282 1190 2356 nullatenits
1212 2282 1295 2356 verti
1318 2284 1349 2354 in

475 2402 559 2488 hac,
581 2402 637 2472 sed
663 2425 722 2495 pro
752 2400 877 2470 lectoris
902 2398 1047 2470 facilitate
1071 2398 1155 2471 dicta
1183 2418 1237 2471 aut
1266 2401 1349 2473 facta

475 2520 633 2614 precipua
653 2541 723 2612 quae
746 2517 779 2586 in
799 2535 885 2589 textu
902 2536 1124 2607 recensentur,
1143 2542 1200 2612 per
1215 2517 1350 2589 modum

474 2651 561 2705 notae
580 2659 646 2703 non
665 2635 697 2703 in
713 2635 875 2729 margine,
892 2651 928 2705 ut
943 2635 1008 2705 fieri
1024 2637 1129 2726 solet,
1151 2633 1207 2706 sed
1224 2637 1258 2706 in
1280 2622 1369 2706 me?

475 2749 535 2829 dio
558 2771 643 2822 textu
665 2754 821 2822 columnae
845 2750 976 2823 seorsim
997 2754 1228 2825 intercalantur.

524 2902 575 2979 4⁰.
606 2885 727 2959 Textus
766 2885 921 2958 Doctoris
948 2914 989 2960 ex
1019 2889 1135 2979 eodem
1168 2890 1352 2963 charactere

475 3030 542 3104 quo
560 3008 706 3101 Virgilius
726 3006 757 3076 ia
768 3005 908 3076 Valliere
922 3031 933 3092 ;
949 3007 1251 3079 commentarlorum
1269 3007 1350 3080 verri

477 3148 545 3219 quo
567 3120 736 3193 Mantelius
772 3147 844 3194 usus
881 3140 927 3193 est
953 3149 1014 3218 pro
1037 3125 1119 3195 libro
1146 3143 1286 3223 quarto,
1315 3130 1351 3196 de

475 3240 635 3309 Doctrind
655 3242 797 3328 xtiarrd,
819 3259 851 3310 et
878 3267 937 3337 pro
963 3243 1058 3318 Joarr.
1085 3243 1290 3314 Cirisostorrzo
1315 3247 1350 3313 in

474 3358 668 3441 Mmhaeum3
690 3356 775 3427 unde
800 3358 917 3453 primus
939 3343 1066 3449 maior,
1088 3358 1243 3432 secundus
1268 3359 1350 3432 verti

434 3523 438 3527 -
473 3476 590 3554 minor.
618 3474 788 3546 Columnae
810 3476 937 3573 integrae
962 3471 1062 3548 textits
1087 3498 1158 3548 sunt
1180 3479 1351 3573 471inea-

473 3619 566 3686 rum,
583 3596 615 3665 in
627 3593 859 3665 commentariis
876 3593 956 3673 verb
975 3618 1031 3693 57.
1049 3596 1219 3692 Exemplar
1231 3615 1278 3668 est
1292 3596 1353 3668 mi-

474 3734 520 3789 τε
541 3710 701 3804 elegantiae
723 3737 798 3783 cum
820 3712 925 3781 litteris
949 3712 1088 3807 depictis.

522 3843 655 3921 Extabat
667 3846 750 3936 apud
765 3846 893 3932 Pinelli,
907 3847 972 3916 N⁰.·
992 3851 1083 3947 536,
1101 3868 1132 3925 et
1150 3875 1169 3919 a
1186 3847 1352 3923 Seemillcr

474 3960 620 4036 accurate
641 3957 844 4051 describitur,
859 3965 1010 4058 fasciculo
1028 3969 1131 4059 primo
1150 3994 1226 4063 pag.
1257 3992 1351 4057 121,

439 4110 443 4117 ·
473 4080 648 4158 incrcnabul.
681 4100 797 4173 typogr.
821 4083 921 4151 Acad.
950 4084 1119 4189 Ingolstad.
1137 4089 1227 4186 impr.
1247 4087 1351 4195 ligni,

471 4195 588 4289 stadii,
611 4221 697 4264 anno
725 4192 840 4290 1787,
866 4196 968 4289 in-4⁰‚
