2925 6525
370 1037 447 1128 320·
627 1017 849 1097 LIBRI
897 1016 1032 1099 SUB

140 1190 305 1399 1703„
373 1230 426 1311 32
449 1201 659 1287 Sermones
682 1196 1044 1315 quadragesimales
1067 1194 1118 1284 de
1143 1183 1274 1314 legire
1312 1216 1325 1298 ζ

168 1328 205 1435 a·
427 1334 578 1420 Fratris
602 1328 805 1416 Leonardi
828 1328 879 1416 de
908 1332 1075 1438 Utino,
1101 1356 1143 1417 et
1169 1356 1270 1417 sermo
1310 1348 1325 1427 r

118 1409 320 1579 imi*
426 1469 578 1579 primus
610 1462 660 1550 de
684 1456 990 1578 peccatogulae.
1014 1460 1273 1553 111.f01,m‚'1,
1320 1511 1324 1556 3

468 1652 512 1728 In
542 1655 606 1728 fine
630 1654 768 1750 legitur:
802 1655 939 1744 impressi
968 1675 1045 1724 sunt
1075 1656 1122 1724 liii
1151 1668 1275 1725 sam

421 1775 556 1846 Veneriis
578 1799 635 1865 per
654 1773 853 1841 Franciscum
885 1773 921 1839 de
953 1770 1116 1841 Hailbnm
1145 1793 1173 1841 et
1196 1770 1275 1839 No·

420 1894 507 1960 laum
516 1892 552 1958 de
562 1885 769 1976 Franlsordia
784 1888 991 1958 sociatim
1000 1888 1086 1960 Deo.
1102 1888 1153 1962 Μ.
1164 1882 1277 1959 CCCC.

419 2002 592 2079 LXXIII.
613 2004 697 2076 Vide
718 2003 856 2095 Pinelli,
883 2003 945 2076 ΝΟ.
971 2002 1054 2101 837.

467 2178 549 2252 Non
575 2179 672 2251 video
699 2206 756 2252 cur
786 2178 848 2250 N0.
884 2180 950 2275 693
998 2174 1137 2277 catalogi
1162 2182 1191 2252 la
1216 2176 1280 2251 th·

420 2297 530 2389 Hire,
558 2298 711 2369 editiones
735 2299 851 2368 horum
870 2322 1056 2369 sermonum
1076 2352 1088 2389 ,
1110 2299 1280 2369 Ulmensem

421 2414 507 2511 apud
541 2414 655 2486 Zainer
675 2434 708 2485 et
736 2414 905 2485 Parisinam
934 2415 1018 2510 apud
1045 2416 1196 2511 Genng,
1221 2410 1283 2486 anni

425 2532 544 2627 1478,
571 2533 736 2629 originales
757 2533 976 2628 appellentur:
999 2532 1056 2602 nisi
1079 2535 1159 2605 ratio
1183 2534 1285 2603 habea·

419 2667 471 2721 tur
496 2649 604 2720 indicis
633 2650 703 2745 ipsis
730 2649 844 2720 annexi
876 2675 896 2720 a
925 2650 1030 2720 Fratre
1063 2651 1177 2722 Felice.
1209 2648 1284 2721 Cha·

419 2786 523 2836 racter
547 2767 717 2860 gothicus;
740 2768 862 2862 absque
886 2767 1058 2863 signaturis.

468 2880 681 2951 Praemirtitur.
703 2881 817 2954 folium
854 2883 964 2954 indicis
999 2884 1047 2975 48
1086 2904 1287 2972 sermonumj

418 2997 452 3071 in
474 3023 539 3094 quo
562 2996 638 3068 folia
655 3019 819 3071 numerata
840 3020 1082 3097 supponuntur,
1108 3004 1184 3076 licet
1197 3000 1287 3099 seipsi

418 3139 487 3187 non
517 3133 588 3189 srnt.

131 3282 312 3460 ,ζμ
373 3358 422 3444 33
468 3333 680 3421 Sermones
722 3342 828 3421 aurei
865 3336 916 3421 de
961 3344 1110 3426 sanctis
1147 3341 1288 3426 Fratris

106 3461 161 3652 ἃ
200 3503 246 3669 ᾖ
426 3467 631 3553 Leonardi
660 3467 710 3553 de
744 3470 889 3554 Utino.
922 3469 1065 3558 In·fol.
1104 3501 1159 3559 m.
1193 3501 1255 3557 r..

100 3637 170 3688 e'·'
257 3630 262 3641 ’

491 3679 527 3748 ln
551 3680 614 3750 fine
641 3678 774 3774 legitur:
799 3683 990 3775 irnpnrsique
1017 3706 1094 3753 sunt
1114 3685 1161 3753 hii
1181 3709 1291 3754 sernia·

418 3777 473 3869 nes
493 3800 626 3867 Veneriis
643 3807 700 3888 p'er
718 3802 896 3894 magistrum
922 3802 1118 3871 Franciscum
1144 3804 1180 3870 de
1202 3803 1293 3871 Hail-

418 3917 498 3982 brun
524 3937 551 3982 ct
580 3920 698 4009 magma
721 3916 867 3985 nieorum
887 3921 923 3985 dc
951 3917 1162 4010 Franlfhrdiq
1187 3922 1294 3994 socios.

416 4030 505 4099 Laus
527 4032 610 4101 Deo.
640 4030 689 4102 M.
716 4030 851 4104 CCCC.
877 4031 1052 4107 LXXIII.

466 4145 641 4220 Character
661 4150 832 4247 gothicus,
854 4154 970 4249 absque
990 4154 1126 4249 signat,
1149 4179 1243 4227 num.
1264 4173 1295 4225 et

417 4261 609 4342 custodibus.

1074 4361 1298 4469 34Zaehariae
