2925 6525
1750 1184 1759 1195 t

1534 1288 1539 1295 ι

610 1488 798 1560 AD
899 1484 1439 1558 ANNUM
1547 1490 1761 1579 1460?
2000 1518 2081 1588 3¹

442 1627 612 1719 Quis
655 1646 868 1698 autem
919 1625 1151 1696 horum
1201 1623 1532 1695 bibliorum
1579 1625 1766 1696 fuerit
1803 1645 2098 1725 typogra-

345 1747 514 1841 phus
535 1798 559 1833 ,
584 1764 647 1816 et
676 1769 811 1841 quo
843 1744 992 1814 loco
1020 1795 1044 1831 ‚
1076 1766 1291 1838 quove
1319 1767 1485 1812 anno
1512 1741 1910 1837 prodierint?
1956 1744 2088 1837 jam

343 1885 526 1936 extra
557 1861 810 1934 dubium
845 1885 978 1932 esse
1020 1859 1286 1931 videtur.
1328 1858 1754 1932 Conformitas
1805 1865 2097 1936 omnium

352 1982 719 2077 capitalium
760 2004 906 2050 cum
942 1978 1053 2049 illis
1084 1977 1289 2074 quarti
1321 1976 1455 2048 libri
1500 1982 1567 2047 de
1610 1983 1881 2050 doctrina
1915 1986 2097 2054 ,τεία-

345 2128 441 2170 na
459 2155 482 2189 ‚
509 2127 546 2171 a
564 2098 874 2169 Mantelio
897 2095 1177 2192 impressi
1198 2120 1221 2181 ;
1246 2114 1312 2166 et
1331 2095 1649 2166 minorum
1671 2122 1814 2168 cum
1837 2102 2098 2190 epistolis

329 2222 472 2299 ,δαὶ
509 2218 858 2286 Hieronimi
888 2211 1049 2305 jam,
1077 2238 1251 2283 anno
1284 2214 1466 2306 1469
1490 2266 1514 2298 ,
1548 2215 1893 2307 compactis
1912 2215 2103 2287 biblia

346 2338 492 2415 haec
531 2334 840 2405 Mantelio
871 2331 1317 2427 Argentinensi
1351 2329 1651 2402 vindicat.
1690 2328 1877 2402 Diun
1905 2334 2104 2404 aliun·

349 2450 439 2523 de
475 2470 723 2523 constat
755 2474 835 2520 ex
869 2448 1105 2521 coaevis
1149 2446 1594 2543 scriptoribus,
1637 2442 1767 2538 jam
1809 2449 1889 2519 ab
1934 2474 2106 2523 anno

366 2567 548 2666 1458
577 2621 602 2657 ‚
634 2567 1120 2664 typographiam
1153 2565 1500 2637 exercuisse
1524 2565 1726 2659 ipsum
1750 2566 1811 2635 in
1851 2568 2107 2663 Argen-

360 2685 495 2756 tina
518 2737 542 2774 ,
576 2709 849 2780 quorum
870 2685 1056 2755 instar
1085 2685 1161 2754 sit
1182 2683 1311 2778 ipse
1335 2681 1649 2779 Philippus
1670 2682 1751 2754 de
1774 2685 2109 2780 lignamine

365 2802 696 2873 Romanus
719 2784 1201 2898 Typographus
1231 2801 1441 2871 dicens
1474 2800 1538 2869 in
1568 2802 1847 2870 chronicd
1878 2827 2066 2898 quam
2085 2856 2109 2893 ,

364 2945 537 2991 anno
588 2943 769 3012 1474
804 2972 829 3006 ,
872 2918 1036 3015 typis
1075 2917 1338 3012 propriis
1385 2918 1725 3013 vulgavit3
1781 2921 1894 2988 sub
1942 2945 2111 2988 anno
2222 3008 2229 3015 ·

373 3061 399 3108 1
416 3059 500 3135 45
514 3035 555 3106 8
581 3034 853 3108 Joluines
878 3060 1111 3126 quoque
1147 3035 1501 3104 mentelinus
1531 3057 1921 3127 nuncupatus
1949 3040 2122 3127 apud

362 3156 743 3249 argentinam
762 3153 1025 3241 ejusdem
1034 3153 1363 3243 provincia
1380 3154 1674 3224 civitatem
1689 3205 1712 3240 ,
1735 3178 1809 3221 ac
1832 3156 2113 3223 ineodun

360 3273 623 3362 artifi'cio
644 3274 874 3364 peritus
898 3324 923 3361 ‚
956 3274 1196 3340 totidem
1228 3293 1428 3341 cartas
1447 3297 1563 3362 per
1600 3272 1753 3339 diem
1786 3274 2117 3364 imprimere

365 3393 734 3486 agnoscitur.
785 3389 850 3459 Si
892 3389 1071 3484 igitur
1112 3387 1446 3460 Mantelius
1470 3443 1492 3476 ,
1529 3391 1633 3462 ab,
1655 3415 1828 3461 anno
1883 3390 2063 3488 1458
2091 3445 2118 3479 ,

361 3528 563 3578 artem
628 3507 1149 3604 typographicam
1226 3508 1572 3579 exercuerit
1637 3533 1921 3603 opesque
1999 3510 2120 3577 irn-

367 3651 619 3697 mensas
661 3627 724 3694 in
764 3651 847 3696 eo
894 3625 1149 3720 opificio
1191 3625 1587 3721 acquisierit,
1626 3626 1782 3698 sicut
1820 3619 2122 3720 probatur
2229 3606 2234 3610 ⁴

365 3743 537 3839 apud
590 3743 1111 3842 Schoepflinum,
1166 3742 1456 3837 profecto
1505 3744 1870 3814 innumeros
1920 3744 2122 3837 praelis

372 3862 493 3931 suis
532 3862 721 3931 libros
756 3859 1054 3931 mandare
1092 3859 1324 3934 debuit.
1361 3861 1535 3931 Ctun
1575 3882 1787 3932 autem
1825 3861 1934 3928 vix
1964 3884 2124 3928 unus

376 3999 745 4073 agnoscatur
778 3980 1047 4074 signatus
1080 3980 1351 4048 nominis
1388 3980 1483 4048 sui
1522 4003 1595 4046 ac
1637 3977 1781 4045 anni
1817 3974 2023 4063 nota,¹
2047 4003 2127 4047 ex

376 4093 557 4183 hujus
589 4095 808 4166 notitia
840 4097 1050 4167 caeteri
1084 4114 1226 4165 sunt
1260 4091 1695 4187 investigandi.
1744 4093 1836 4160 Ea
1872 4115 2127 4189 propter

376 4238 460 4282 ex
486 4213 645 4283 libro
670 4216 739 4282 de
767 4234 896 4287 arte
904 4215 1263 4305 predicandi
1274 4265 1297 4298 .,
1332 4210 1436 4307 qui
1474 4229 1618 4280 ante
1641 4235 1875 4281 annum
1909 4214 2128 4302 1466,

377 4354 525 4400 cum
590 4332 774 4425 ipsius
831 4331 1095 4401 nomine
1142 4328 1415 4425 prodiit,
1470 4345 1879 4423 perventum·
1902 4348 1995 4399 est
2047 4330 2129 4401 ad

380 4448 667 4518 notitiam
710 4450 1099 4539 epistolarum
1155 4447 1505 4515 Hieronimi
1526 4501 1549 4532 ‚
1602 4473 1755 4539 quas
1808 4467 1952 4516 ante
2009 4436 2129 4517 an-

382 4588 539 4634 num
594 4568 771 4656 1469
823 4565 1077 4652 emisit,
1124 4583 1187 4633 et
1234 4584 1503 4657 utroque
1553 4562 1866 4634 mediante
1909 4565 2069 4633 libro
2104 4618 2130 4652 ‚

374 4678 711 4775 detegendi
748 4702 887 4755 sunt
918 4683 1017 4754 alii
1039 4735 1065 4771 ,
1102 4707 1182 4754 ex
1209 4680 1638 4753 charasserum
1661 4682 2126 4754 conformitate.
