2925 6525
273 1467 371 1543 AD
417 1462 691 1545 ANNUM
743 1471 845 1565 1480.
954 1499 1021 1567 199

197 1608 363 1689 nultima
376 1607 569 1721 Augusti,
587 1639 760 1723 regnante
779 1609 893 1693 Sixto
915 1606 1020 1693 IIII.

199 1731 326 1820 Porri.
350 1738 469 1822 Max.
497 1772 596 1823 antro
623 1738 703 1851 ejus
728 1743 869 1854 quinto.

186 1922 236 1994 Ex
263 1922 309 1996 18
333 1925 426 1999 foliis.
452 1927 528 2002 Vid.
550 1927 764 2026 Audiffredy,
786 1956 857 2025 pag.
881 1955 958 2025 199.
1107 2000 1113 2025 Ε

148 2144 200 2203 12
232 2119 444 2205 Somnium
476 2122 589 2205 Enee
621 2123 731 2211 Silvii
763 2150 882 2236 poete
918 2129 1020 2212 Lau·

207 2256 311 2333 reati
339 2250 389 2335 de
419 2252 590 2337 fortuna.

106 2522 108 2531 .
185 2438 239 2507 Ex
269 2463 314 2512 10
336 2438 440 2529 foliis,
463 2461 495 2513 er
518 2443 635 2538 pagina
658 2443 764 2514 ultima
790 2469 830 2514 err
855 2467 899 2539 27
922 2445 1020 2561 lineis.

107 2660 111 2671 Ι
136 2554 237 2629 Hunc
258 2555 448 2656 Audiffredy
464 2559 631 2655 ignoravit.

155 2779 199 2861 13
234 2754 426 2867 Magistri
462 2754 633 2841 Arnaldi
658 2756 708 2842 de
734 2749 948 2843 Villanr'rva
970 2757 1021 2842 de

209 2914 295 2969 arte
321 2886 598 3001 cognoscendi
627 2917 808 2990 venena,
829 2918 906 2971 una
932 2918 1021 2972 cum

208 3042 378 3101 tractatu
405 3016 456 3101 de
491 3017 683 3131 epidernia
720 3047 759 3102 et
794 3044 902 3128 peste
939 3021 1020 3103 Va·

207 3145 296 3233 lasti
322 3148 371 3233 de
396 3136 572 3236 Tarenta
592 3153 715 3268 Regis
736 3151 771 3234 F
776 3156 906 3235 rancie
924 3180 1020 3263 pro·

212 3281 444 3366 thomedici.
470 3290 478 3307 ⁰

106 3481 114 3572 ᾗ
196 3471 242 3542 Ex
270 3474 314 3540 16
335 3472 440 3558 foliis,
457 3474 549 3544 novit
568 3472 770 3569 Audifredy,
792 3499 863 3568 pag.
888 3472 970 3567 380.

106 3575 108 3690 ᾗ
198 3585 277 3659 Haec
300 3613 338 3682 13
364 3592 513 3684 opuscula
530 3590 673 3684 prodiere
690 3589 798 3685 -Typis
819 3591 930 3685 partim
947 3591 1022 3660 Bar·

106 3719 109 3774 Ι
158 3705 284 3779 tholom.
308 3705 510 3779 Guldinbech
529 3726 561 3777 et
582 3708 694 3801 partim
716 3707 816 3777 Ulrici
835 3706 932 3777 Galli.

118 3889 121 3896 ¹
169 3947 211 4021 14
238 3920 430 4005 Guilelmi
461 3923 630 4006 Caorsin
659 3919 910 4006 Rhodiorum
946 3917 1021 4002 ob·

215 4054 382 4139 sidionis
415 4051 643 4164 descriptio.

197 4244 243 4313 Ex
271 4268 315 4315 12
339 4242 442 4328 foliis,
468 4261 500 4312 et
522 4242 634 4337 pagina
654 4243 761 4312 ultima
789 4266 831 4334 17
848 4240 1022 4312 linearum:

158 4359 309 4432 character
332 4358 414 4430 verb
435 4360 581 4432 Eucherii
606 4359 730 4430 Silbert.
755 4360 848 4430 Hanc
869 4359 1025 4454 ignoravit

156 4475 377 4592 Andiffiedy'..,

165 4698 205 4784 15
255 4671 469 4758 Benedicti
519 4670 694 4758 Maffens
743 4670 1024 4756 abbreviatoris

797 4804 879 4873 Niv
