2925 6525
147 729 1290 999 ω

313 1408 883 1501 ADANNUM1480.
992 1437 1053 1508 17¹

166 1570 294 1643 Siluio.
315 1568 436 1665 Pagina
456 1567 568 1665 ultima
589 1585 710 1637 constat
735 1569 781 1662 36
803 1568 892 1641 lineis
912 1585 944 1637 et
965 1588 1059 1640 caetc·

173 1714 224 1759 rae
258 1688 375 1759 liabent
407 1708 465 1781 37.
498 1684 597 1755 Caret
626 1685 821 1778 signaturis,
858 1686 995 1755 numeris
1025 1706 1058 1758 et

182 1804 372 1875 custodibus.
407 1802 515 1873 Editio
547 1801 688 1895 ignota,
722 1826 793 1897 quae
825 1826 885 1897 pro
916 1803 1055 1896 originali

187 1940 294 2015 posset
308 1919 423 2007 baberi.

147 2134 213 2242 163
245 2134 403 2217 Summa
426 2116 658 2218 venerabilis
682 2134 810 2217 fratris
839 2132 1056 2218 Bartholo·
1147 2103 1277 2237 ᾗῇ

190 2271 264 2348 mei
299 2264 435 2349 Pisani
470 2262 621 2349 ordinis
660 2266 747 2346 frat.
785 2264 974 2373 predicat
1012 2269 1056 2349 in
1115 2269 1235 2393 βω
1260 2272 1344 2369 Α.

195 2394 271 2509 qut
296 2394 345 2479 de
367 2394 522 2479 casibus
542 2423 581 2478 et
600 2394 777 2480 consiliis
806 2394 858 2479 ad
888 2402 1057 2477 animam
1215 2324 1253 2451 6

197 2554 260 2611 seu
288 2532 572 2611 conscientiam
599 2521 888 2637 pertinentibus
916 2551 1056 2609 tracta-

199 2656 390 2777 tut.Impr.
406 2657 596 2763 Parisiis,
615 2656 725 2740 Ulric
746 2656 901 2769 Gering.
918 2655 1055 2743 Insui.

235 2866 392 2939 Accuratd
424 2866 633 2953 describitur,
662 2868 722 2937 Ν).
754 2868 826 2955 664
859 2866 996 2960 catalog.
1025 2866 1057 2941 la

198 2982 335 3057 Valliire.

234 3099 392 3176 Caretv
346 3102 530 3195 signaturis,
553 3103 688 3172 numeris
711 3120 742 3170 ct
767 3099 957 3172 custodibus.

173 3317 242 3414 164
173 3317 426 3402 rsummae
473 3315 672 3402 Pisanellae
720 3314 1053 3426 supplementum.
1131 3307 1222 3402 ff
1223 3310 1294 3383 ’ίο

204 3443 307 3561 Impr.
351 3449 556 3551 Veneriis,
586 3448 812 3534 Vindelinus
853 3449 897 3528 de
927 3447 1054 3598 Spirri.
1123 3422 1179 3542 ‚d
1195 3441 1343 3541 lisam..

204 3579 257 3670 ln·
258 3579 325 3663 fol.
346 3610 400 3672 rn.
424 3612 457 3674 r,
755 3607 758 3612 ’

236 3751 266 3859 ln
294 3793 357 3861 fine
388 3791 533 3886 leguntur
559 3790 677 3886 aliquot
705 3801 814 3862 v'ersus
846 3814 983 3884 quotum
1012 3785 1056 3858 sic

168 4013 179 4024 .
202 3903 299 3978 labent
320 3909 442 3979 ultimi:

147 4081 155 4114 ⁶
222 4083 393 4154 Vindalium
414 4109 490 4174 opus
504 4086 615 4175 pressit
634 4086 758 4176 spirans
779 4107 920 4177 utrumq3

148 4219 150 4228 ·
259 4201 339 4270 Labe
353 4223 542 4295 repurgatum
561 4198 686 4297 (crede)
704 4206 826 4270 volum?
839 4205 912 4270 emis

222 4313 393 4406 inpressum
412 4339 456 4386 est
474 4321 566 4385 Sixto
586 4322 681 4386 Sacro·
701 4321 848 4386 Antisrirt
865 4336 973 4409 quarto

260 4435 300 4502 Er
315 4439 430 4503 Veneto
449 4433 545 4502 Troni
553 4437 703 4528 primitiis
719 4437 852 4525 imperio.

203 4660 207 4673 .
240 4601 408 4684 character
423 4603 577 4701 'gothicus
609 4626 683 4695 est3
711 4609 829 4702 absque
860 4607 1057 4704 signaturis,
