2925 6525
327 1487 425 1562 AD
471 1483 739 1561 ANNUM
792 1494 900 1584 14702'
952 1577 964 1587 ,ι
1016 1510 1065 1585 47

202 1653 256 1711 ne
283 1623 491 1709 Francisci
519 1620 570 1708 de
593 1622 894 1709 Picholontiniis
920 1623 1065 1711 Cardi-

204 1754 304 1840 nalis
330 1755 389 1840 Sti
414 1754 631 1841 Eustachii.
660 1754 791 1868 Ita-4⁰.

159 1916 162 1921 ’
244 1923 442 1997 Praemittitur
458 1920 643 1996 traductoris
659 1924 791 2020 epistola
810 1922 851 1996 ad
874 1922 1065 1999 Maxinisu·
1187 2014 1196 2031 ⁰

196 2068 275 2115 nunt
290 2042 489 2138 Imperatoris
503 2039 648 2112 Friderici
660 2040 740 2112 tertii
756 2041 874 2131 filiunt,
886 2068 957 2139 quae
970 2062 1068 2116 octu-

196 2181 251 2256 pat
266 2159 402 2255 primunt
418 2156 528 2229 fotium
544 2210 556 2248 ,
572 2177 605 2230 et
623 2158 655 2228 in
672 2154 761 2248 cujus
778 2157 840 2228 fine
858 2159 986 2253 legitur:
1002 2165 1068 2233 vau

196 2305 237 2348 ex
256 2280 347 2365 urbe,
370 2276 450 2345 Kal.
467 2277 545 2348 lan.
563 2273 615 2348 M.
636 2291 725 2345 cccc
741 2277 930 2371 sexagesino
947 2302 1041 2351 nono.

247 2393 338 2463 Folio
365 2391 507 2491 sequenti
533 2392 674 2488 sequitui
699 2386 843 2476 eiusdem
870 2392 1003 2487 epistola
1030 2391 1071 2465 ad

171 2503 373 2604 'Nicolaum
402 2507 545 2604 quintum
574 2504 662 2597 cujus
694 2502 778 2596 jussu
813 2504 887 2579 dicit
922 2533 958 2580 se
989 2533 1071 2605 opus

201 2649 339 2720 praesens
367 2625 577 2715 transtulisse,
598 2641 631 2694 et
650 2623 744 2694 tertio
769 2648 842 2694 cum
864 2620 944 2715 sulio
965 2624 1072 2721 incipit
1198 2618 1200 2627 ’

204 2739 325 2812 Dionis
351 2764 432 2835 opus
459 2765 533 2812 cum
559 2736 642 2810 linei
667 2737 842 2812 undecima.
870 2737 1073 2812 Terminatur

204 2856 285 2927 folio
307 2880 402 2927 verso
419 2857 485 2929 sic:
497 2856 589 2946 finis.
614 2854 730 2951 Pagina
752 2854 821 2929 hec
849 2856 945 2928 habet
970 2881 1010 2953 23
1032 2856 1073 2928 li·

203 2997 279 3044 neas
308 2992 341 3043 et
362 2997 443 3067 opus
471 2975 518 3066 69
547 2961 636 3043 folia.

251 3089 300 3159 Ex
316 3088 495 3162 charactere
515 3087 667 3185 quadrato
687 3087 941 3185 elegantissimo,
956 3088 1072 3188 absque

201 3225 374 3303 signatum.

190 3416 192 3418 ‚
252 3322 331 3394 Haec
355 3342 403 3393 est
431 3322 526 3394 editio
547 3348 643 3420 quant
669 3324 912 3420 antiquissimam
939 3325 1075 3420 appellat

204 3439 384 3529 Mainaire,
400 3438 561 3524 Tom.x1⁰.
575 3465 645 3535 pag.
661 3439 725 3536 283
740 3465 859 3538 3quam
869 3467 903 3513 se
914 3466 1075 3538 nunquam

203 3556 314 3627 videre
334 3557 472 3651 potuisse
491 3557 534 3627 ait
556 3552 692 3628 Debure
712 3556 772 3630 ΝΟ.
798 3580 902 3658 2354.

254 3672 344 3744 Num
365 3672 461 3744 editio
480 3673 548 3745 haec
570 3671 718 3744 Romana
742 3674 780 3745 sit
805 3692 858 3746 aut
880 3674 984 3769 potiits
1005 3676 1076 3746 Ve-

206 3808 303 3880 neta,
320 3789 446 3863 Nicolai
463 3789 580 3862 Jenson
602 3790 656 3861 abs
672 3815 726 3861 me
741 3791 779 3862 sit
798 3787 956 3880 judicium.

159 3985 218 4082 46
250 3981 390 4067 AEneae
414 3981 536 4095 Sylvii
562 3970 701 4093 posteai¹
720 3982 781 4065 Pii
812 3984 926 4093 Papae
956 4008 1001 4064 11.
1029 3976 1079 4066 de
1122 3967 1321 4085 yffi*

218 4117 383 4197 miseriis
427 4111 632 4199 curialium
671 4112 721 4198 ad
765 4115 987 4205 iohannem
1031 4111 1080 4198 de
1128 4113 1179 4215 34
1197 4105 1364 4227 (iim,

217 4244 323 4327 Aich
346 4244 593 4355 opusculum.
622 4248 749 4357 1n-40.
772 4274 825 4329 m.
850 4276 890 4331 v.

197 4417 199 4421 ¹
259 4430 404 4548 Praefat‘p
433 4432 474 4504 ad
494 4432 568 4505 Joh.
587 4431 629 4504 de
651 4432 735 4504 Aich
762 4432 873 4504 desinit
900 4458 974 4504 cum
1002 4432 1084 4505 linei

219 4549 263 4617 16
275 4547 395 4642 paginas
411 4550 556 4621 secundae
569 4603 580 4640 ‚
594 4569 626 4620 et
645 4574 724 4644 opus
742 4550 847 4644 incipit
863 4550 980 4647 absque
991 4552 1086 4621 inter-

213 4664 359 4758 ruptione
377 4667 468 4740 lineae
489 4668 536 4739 his
552 4667 654 4741 verbis
672 4694 681 4738 ι
697 4670 816 4763 genitor
830 4693 913 4738 meus
934 4671 1059 4741 Silvius.
