2925 6525
266 1547 365 1623 to
413 1502 682 1623 tu'uuu
736 1549 839 1643 1480.
949 1567 1017 1649 ur·

187 1687 365 1759 character
380 1687 601 1758 minutissimus
621 1707 668 1759 est
687 1688 821 1760 Amoldi
833 1687 1016 1759 Thtthoer-

136 1827 237 1888 nen;
263 1805 524 1899 compingebatur
549 1829 622 1876 cum
635 1803 787 1894 fizsciculo
817 1831 902 1892 suo,
934 1808 1015 1874 anni

145 1942 253 2013 1474.
276 1919 437 1992 Columna
466 1922 572 1992 ultima
595 1924 681 1991 Flori
702 1948 743 1992 ex
768 1925 814 2016 36
839 1921 952 2012 lineis,
979 1939 1011 1993 et

140 2036 253 2106 ultima
273 2040 542 2107 commendationis
560 2040 683 2131 Imperii
705 2063 745 2107 ex
767 2062 826 2127 42.

188 2170 394 2243 Terminatur
415 2153 489 2245 cuni
517 2171 606 2243 tertib
630 2171 778 2246 coiumnb
802 2173 849 2242 his
879 2173 1010 2242 verbis:

137 2291 261 2379 explicit
270 2292 373 2381 libell9
389 2292 424 2358 de
440 2289 597 2363 cr'iredacoe
612 2292 714 2383 impii
724 2291 817 2360 Rom.
842 2289 881 2358 Et
896 2289 1012 2359 minia-

137 2420 190 2473 tor
204 2405 326 2499 scripsit
343 2406 521 2477 immediate
535 2429 544 2474 t
558 2409 735 2499 impressum
748 2408 870 2476 colonie
881 2408 1012 2503 agrippie

129 2546 190 2609 per
205 2522 357 2591 Amoldn
371 2523 574 2599 Therhumeu.

184 2654 358 2727 Columnae
374 2657 490 2728 habent
500 2661 548 2748 46
564 2658 659 2730 lineas
665 2682 677 2744 ;
689 2659 808 2754 absque
826 2657 986 2752 signaturis
995 2672 1011 2748 ,“

135 2773 277 2857 numeris
293 2792 326 2843 et
341 2772 532 2847 custodibus.

185 2907 281 3002 Opus
308 2907 348 2978 de
371 2908 646 2980 commendatione
673 2910 815 3003 imperii,
837 2910 884 2982 his
903 2910 1009 3004 incipit
1034 2925 1036 2928 ’

135 3023 243 3093 verbis
260 3047 269 3093 :
287 3023 459 3114 Mulusarie
475 3028 632 3117 multisque
648 3029 763 3114 modis,
777 3044 838 3097 etc.

182 3175 291 3248 Editio
313 3179 434 3274 penitus
458 3180 574 3275 ignota.

85 3375 138 3455 88
173 3374 291 3456 Lucii
328 3375 487 3457 Annaei
519 3371 632 3459 Flori
671 3380 926 3484 epitomatum
960 3379 1003 3460 in
1111 3407 1137 3468 ι

140 3504 286 3586 Titum
315 3507 471 3593 Livium
499 3503 601 3588 libri.
627 3503 782 3636 Iti-fol.

180 3714 217 3781 ln
254 3714 351 3803 fine,
381 3712 461 3784 folio
498 3739 622 3803 verso,
658 3734 821 3811 sequentes
857 3715 1002 3812 leguntur

131 3853 267 3899 versus:

155 4006 267 4073 Florus
284 4004 370 4072 habet
377 4030 478 4094 parvo
488 4029 649 4076 numerosa
659 4007 817 4074 volumina
828 4003 899 4074 Livi

211 4140 316 4208 codice
329 4166 338 4209 ε
355 4140 389 4207 in
406 4143 507 4208 italica
520 4143 676 4209 maximus
688 4141 815 4209 historia

156 4274 217 4341 Nil
231 4276 303 4342 lutet
316 4276 397 4343 hunc
408 4301 416 4344 :
428 4280 527 4346 valeat
538 4278 621 4366 quod
629 4276 739 4343 honore
750 4277 839 4343 nitere
855 4274 952 4342 latino

85 4455 87 4460 -
205 4413 268 4477 Vel
274 4413 431 4505 peregrina
440 4434 528 4501 petas
543 4415 674 4502 scripta:
691 4412 826 4478 velastis
842 4434 927 4499 opus.
1006 4472 1010 4480 .

85 4583 88 4626 3
145 4545 266 4635 Iadcfit
280 4568 315 4613 ut
324 4568 428 4616 veteres
438 4549 583 4616 scribendi
592 4549 705 4618 miserit
720 4570 817 4615 usus:

203 4682 309 4771 Atque
319 4705 400 4752 novo
416 4684 515 4749 redcat
515 4683 660 4772 proditus
671 4679 783 4770 officio.

85 4815 94 4958 p
780 4816 793 4883 1
813 4815 842 4901 iii

85 4973 90 5050 ‘t
