2925 6525
424 1098 470 1153 20
581 1073 678 1146 LIB.
710 1069 768 1143 AB
802 1066 1034 1144 INVENT.
1063 1067 1186 1144 TYP.

521 1228 568 1285 1⁰.
598 1212 714 1282 Praeter
744 1211 831 1281 varia
859 1226 1066 1282 monumenta
1100 1205 1348 1305 Argentinensia

468 1331 565 1403 relata
590 1356 610 1401 a
628 1328 835 1422 Schoepflino
857 1328 890 1398 in
914 1328 1055 1398 vindiciis
1075 1313 1347 1422 Argentoratensi·

468 1452 557 1540 bus,
584 1464 618 1519 et
646 1472 665 1516 a
691 1444 774 1516 Seitz
807 1445 839 1514 in
873 1469 959 1514 anno
992 1468 1049 1513 suo
1089 1446 1228 1513 saculari
1260 1449 1345 1515 tercio

463 1592 540 1661 pag.
558 1587 648 1657 149,
664 1587 701 1632 ac
717 1560 926 1658 sequentibus.
939 1559 1097 1654 Philippus
1118 1558 1158 1630 de
1174 1560 1344 1656 lignamine

417 1711 421 1720 ·
468 1683 601 1776 scriptor
618 1704 747 1752 coaevus
758 1678 994 1780 'lypogtaphus
1008 1677 1193 1765 Romanus,
1211 1678 1244 1748 in
1260 1680 1345 1748 cluo·

467 1801 542 1870 nicei
555 1822 701 1870 summor.
720 1798 812 1865 Pont.
831 1797 939 1865 Romae
955 1800 1089 1886 impress.
1113 1820 1201 1864 anno
1230 1819 1343 1888 1474,

469 1941 499 1986 a
512 1918 651 1986 chronica
663 1914 862 1983 Martiniano
880 1914 971 2004 impr.
987 1912 1120 1981 Taurini
1129 1915 1216 2004 apud
1228 1915 1343 2003 Fabri,

470 2057 557 2102 anno
581 2055 694 2126 1477,
711 2028 890 2118 affinnant‚'
908 2027 972 2118 ianr
993 2031 1033 2099 ab
1045 2053 1131 2100 anno
1157 2027 1248 2128 1458
1263 2084 1274 2118 ,
1287 2030 1338 2102 Jo.

471 2139 661 2222 Mantelium
694 2148 790 2221 libros
823 2146 905 2247 typis
945 2147 1006 2219 suis
1033 2146 1198 2242 evulgasse
1219 2148 1343 2244 Argen·
1382 2234 1385 2241 .

472 2268 577 2340 torati.

445 2426 478 2437 ι·
521 2397 569 2458 2⁰.
596 2385 632 2455 lu
658 2384 797 2480 prologo
824 2383 983 2480 utriusque
1013 2380 1156 2453 editionis
1192 2406 1262 2454 non
1294 2381 1341 2453 di-

472 2503 515 2575 cit
546 2503 646 2573 editor
676 2527 710 2570 se
736 2501 931 2572 adinvenisse
961 2500 993 2569 in
1029 2496 1198 2594 Moguntid
1229 2501 1339 2571 auxilia

472 2641 532 2711 pro
549 2618 608 2687 hac
624 2614 678 2686 sud
687 2617 848 2705 editione,
865 2643 936 2713 quae
953 2642 986 2688 se
1001 2625 1105 2687 tamen
1117 2615 1252 2689 affirmat
1266 2619 1342 2689 hau·

472 2735 547 2802 sisse
571 2757 611 2803 ex
632 2732 833 2828 Argentini,
856 2733 1044 2823 Vormatid‚
1069 2734 1144 2804 licet
1165 2752 1242 2807 tunc
1263 2755 1343 2806 tem·

472 2850 557 2944 poris
578 2850 713 2920 celebres
730 2870 837 2921 tamen
858 2849 942 2945 apud
963 2850 1165 2947 Moguntiatn
1188 2852 1344 2924 extiterint

473 2965 686 3038 Bibliothecae.
1159 3045 1163 3052 ,

429 3128 430 3133 1
523 3095 572 3180 30.
599 3086 750 3180 prologus
779 3084 939 3184 utriusque
966 3088 1020 3159 vix
1049 3086 1151 3159 differt
1178 3085 1212 3158 in
1244 3090 1343 3161 altero

474 3204 568 3304 quaint
591 3208 624 3277 in
644 3205 927 3280 abbreviationibus
944 3261 955 3299 ‚
973 3206 998 3279 si
1015 3207 1177 3303 excipias,
1197 3208 1287 3306 quod
1311 3211 1342 3281 in

475 3323 612 3396 editione
639 3323 782 3394 Faustini
811 3326 930 3421 aliquot
953 3325 985 3395 in
1008 3326 1071 3397 fine
1098 3324 1281 3417 adjiciantur
1304 3329 1344 3400 li·

471 3467 573 3534 neae,
603 3468 674 3542 quae
698 3439 810 3511 frustrd
837 3443 871 3514 in
894 3442 1087 3517 Mentelianl
1118 3463 1341 3540 quererentur.

476 3563 528 3635 Sic
555 3560 640 3634 enim
666 3560 847 3633 terminatur
874 3560 951 3632 illa:
978 3561 1044 3630 Cito
1066 3564 1168 3652 possit
1194 3566 1285 3655 reperi
1315 3583 1343 3633 ct
1383 3622 1387 3630 .

477 3681 706 3750 nichilominus
719 3706 776 3792 per
791 3681 999 3749 remissionum
1015 3681 1187 3749 varietatem
1197 3683 1260 3751 sive
1271 3684 1342 3774 plu·

474 3797 632 3891 tatinum*
644 3817 760 3885 parcat.
787 3797 863 3887 quid
884 3797 1065 3867 indisertis
1092 3795 1222 3886 q'rudcm
1249 3800 1340 3867 libell

467 3910 616 3999 passibus
631 3934 697 3978 non
710 3936 870 4002 nunquam
887 3916 922 3980 de
936 3915 1042 3982 eisdem
1053 3914 1176 4005 punctis
1192 3917 1344 3984 contineat

477 4028 568 4116 quod
575 4027 743 4115 plurimum
769 4030 902 4117 proderit
923 4026 1077 4116 fructuosi
1103 4032 1138 4100 in
1164 4054 1198 4100 ιο
1228 4035 1341 4102 studere

478 4144 643 4215 uolentibus
658 4145 779 4235 explicit
782 4148 938 4241 prologus.

524 4257 610 4357 Quae
627 4260 704 4334 sane
726 4262 824 4335 verba
838 4263 965 4340 levioris
981 4284 1063 4400 sunt
1073 4268 1228 4341 momenti
1249 4268 1345 4368 quint
