2925 6525
348 1438 355 1446 ’
405 1425 620 1532 ΙΑΝΝο
671 1478 773 1558 1475·
981 1483 1053 1556 so

222 1604 263 1691 1¹¹
286 1632 346 1706 fine
365 1633 503 1732 legitur:
524 1635 565 1703 P.
590 1638 631 1705 V.
657 1634 801 1704 Maronis
822 1657 910 1725 opera
926 1631 1054 1722 siliciae

200 1725 298 1817 laium
323 1754 454 1820 Veneriis
483 1753 631 1846 insifflua
656 1761 715 1840 per
740 1751 905 1820 Nicolaum
933 1751 1052 1823 quson

209 1845 344 1942 Gutum.
369 1868 419 1942 u.
441 1866 576 1940 ccco.
597 1866 742 1940 Lxxu

243 1974 276 2052 Et
289 1986 391 2080 incipit
414 1986 567 2056 volumen
592 2009 666 2054 cum
690 1983 755 2054 vitl
774 2002 880 2078 poetae
903 2003 936 2055 et
958 1984 1051 2057 variis

208 2101 335 2188 opernm
346 2102 479 2197 Virgilio
491 2102 679 2197 suppositis;
697 2126 768 2197 quae
785 2102 891 2171 omnia
910 2100 985 2171 folia
1004 2125 1052 2174 20

208 2198 368 2312 occupent,
399 2240 431 2290 et
458 2244 533 2290 cum
569 2219 724 2314 vigesimo
762 2218 864 2312 primo
900 2219 1051 2313 incipiunt

205 2326 345 2409 Bucolicae.
375 2336 549 2408 Charncter
585 2337 711 2431 elegans
747 2337 865 2431 absque
902 2335 1051 2432 signat,
1152 2332 1158 2348 ’

150 2503 170 2555 ι.
201 2472 267 2524 nun.
288 2474 320 2525 et
342 2453 467 2526 custod.
854 2522 857 2527 .

150 2558 152 2563 ¹
231 2571 393 2667 Exemplar
418 2571 506 2644 mitae
533 2569 813 2659 conservationis,
842 2594 916 2639 cum
944 2569 1050 2644 litteris

198 2683 340 2759 deauratis.

169 2901 202 2982 50
220 2883 411 2969 Leonardi
432 2883 481 2969 de
499 2880 628 2969 Utino
650 2911 852 2968 sermones
872 2887 977 2966 aurei
998 2879 1049 2969 de

200 3023 346 3102 sanctis.
375 3016 513 3101 Infol.

227 3227 259 3298 ln
281 3229 345 3299 fine
364 3228 496 3325 legitur:
519 3253 668 3312 sermones
693 3231 777 3297 uurei
799 3229 834 3297 de
853 3229 967 3298 sanctis
975 3225 1052 3317 sra-

192 3347 235 3414 tris
258 3347 409 3417 leonardi
431 3351 465 3417 de
488 3349 590 3415 Utino
610 3372 692 3415 sacre
716 3348 855 3441 theologie
869 3344 1050 3441 professoris

191 3466 281 3533 eutii
295 3463 425 3553 feliciter
440 3464 564 3554 finiunt
590 3462 638 3535 M.
662 3461 796 3533 CCCC.
825 3461 981 3551 LXXV,
1003 3466 1051 3533 ul-

190 3580 252 3648 tima
271 3582 393 3652 Martii.

227 3677 322 3767 Caret
340 3697 524 3793 signaturis,
547 3722 635 3769 num.
656 3717 687 3767 et
704 3694 828 3767 custod.
852 3696 1049 3766 Praemittitur

191 3810 286 3884 lolium
308 3813 415 3884 indicis
438 3839 649 3900 sermonum,
669 3831 701 3883 et
720 3812 921 3907 postponitur
945 3811 1050 3880 tabula

189 3933 382 4022 materiarum.
408 3929 580 4001 Character
601 3930 733 4025 pertinet
756 3928 795 3998 ad
818 3927 961 3997 Ulricum
980 3928 1050 3998 Ge·

151 4099 153 4106 ,
189 4046 255 4141 ring.
274 4046 358 4116 Vide
375 4046 570 4133 Chevillier,
586 4072 657 4142 pag.
676 4051 744 4140 693
762 4065 794 4114 et
810 4044 894 4114 hunc
908 4045 1048 4139 corrige,

185 4160 251 4235 dun
271 4164 365 4238 refert
381 4164 552 4234 editionem
573 4165 655 4235 hanc
677 4162 718 4234 ad
735 4188 851 4233 aunum
874 4165 975 4256 1476.

152 4399 185 4484 51
216 4377 424 4463 Sermones
454 4386 559 4462 aurei
591 4377 639 4463 de
663 4379 817 4461 Sanctis
847 4376 1046 4462 Leonardi

185 4507 232 4598 de
259 4512 402 4594 Utin0.
429 4508 565 4593 ln·lol.
596 4540 648 4592 m.
680 4540 713 4593 r.

219 4698 256 4771 ln
284 4699 349 4771 fine
375 4699 507 4795 legitur:
526 4702 726 4790 predictorum
756 4721 928 4769 sermonum
957 4723 1047 4790 opus-

1129 4293 1193 4469 4(
1266 4319 1275 4356 r

1174 4368 1289 4461 'llus
