2925 6525
309 1488 405 1566 AD
446 1424 721 1566 'ANNutd
776 1490 877 1587 1460.
1011 1512 1053 1591 17

177 1630 329 1726 nustripti
345 1652 440 1722 sunt,
461 1652 493 1703 et
509 1630 716 1704 desiderantur
737 1632 885 1721 numeri,
906 1630 1053 1702 custodes

180 1772 221 1818 ac
233 1748 408 1842 signaturae.
424 1746 746 1843 Characterappritnd
760 1750 915 1821 convenit
930 1774 1004 1821 cunr
1016 1751 1053 1820 ti·

180 1864 242 1934 bro
258 1865 354 1936 sancti
375 1866 539 1961 Augustini
562 1868 597 1934 de
617 1886 680 1934 arec
696 1870 896 1956 predicandi,
919 1892 938 1937 a
955 1865 1052 1937 Man·

180 1982 257 2052 telio
273 1984 435 2077 impresso.
453 1982 529 2054 Hoc
544 1983 636 2079 igitur
646 1984 804 2077 exemplar
816 1983 956 2078 perfect&
976 2008 1051 2055 con·

177 2100 332 2171 formatur
344 2125 418 2171 cum
428 2100 483 2171 illo
497 2099 584 2197 quod
596 2098 826 2195 descripserunt
833 2100 1051 2195 Schoepflinus

158 2261 161 2266 ·
176 2234 210 2288 et
223 2217 404 2315 Wcslinger
421 2217 453 2288 in
470 2221 784 2287 amameutariosuo
798 2219 962 2303 catholico,
974 2244 1049 2314 pag.

183 2333 300 2422 18,au
310 2362 388 2408 ann.
405 2339 516 2430 ¹4⁶9t
527 2360 555 2406 et
556 2363 633 2433 pag.
648 2355 757 2430 31‚et
767 2332 880 2404 David
891 2312 1050 2409 Ciernent.

177 2450 244 2521 Sed
266 2453 340 2524 licdt
365 2453 398 2524 in
420 2454 524 2525 multis
546 2452 719 2526 conveniat
745 2472 818 2523 cutn
842 2449 1051 2548 descriptione

180 2569 238 2641 N‘.
256 2571 378 2660 4260,
395 2576 494 2665 suppl.
511 2573 619 2641 Malu.
634 2568 773 2640 Domini
788 2568 908 2659 Denis‚
930 2569 1048 2643 discre-

183 2707 240 2781 pat
261 2706 368 2756 tamen
392 2687 424 2756 in
445 2689 614 2782 quantitate
633 2687 785 2758 linearum
802 2688 882 2784 quas
900 2712 968 2759 esse
991 2713 1050 2760 nu·

181 2828 276 2874 mero
298 2806 377 2893 64,
406 2805 438 2874 in
468 2802 655 2900 undqudquo
692 2803 840 2875 columnia
863 2802 982 2899 integri
1005 2804 1050 2875 af·

176 2921 290 2995 firmat.
307 2921 342 2990 In
354 2940 444 3016 parte
461 2921 613 3016 superiori
624 2921 762 3016 ligatura
778 2921 914 3018 antiquae
924 2921 1050 2994 secundi

174 3037 365 3126 voluminis,
378 3038 491 3110 iteratis
509 3037 609 3123 locis,
627 3037 782 3109 candente
794 3037 878 3109 ferro
890 3039 1047 3133 impressae

172 3154 360 3227 videbantur
385 3154 527 3252 sequenti
556 3152 657 3225 modo
680 3155 835 3243 linerat,
908 3155 947 3225 M
980 3167 1016 3230 11

174 3299 247 3369 quae
274 3276 397 3343 Mantel
426 3272 598 3369 significare
626 3270 800 3346 videntur:
884 3272 913 3341 it
940 3272 973 3343 T
1003 3301 1023 3345 a

123 3475 146 3564 5
183 3450 246 3532 De
279 3476 361 3533 arte
396 3444 658 3561 predicandi,
689 3451 771 3532 sive
796 3446 930 3531 Sancti
960 3450 1045 3534 Au·
1102 3428 1267 3573 ptius

183 3589 336 3698 gustini
354 3580 454 3667 liber
473 3605 633 3695 quartus
650 3578 699 3664 de
713 3573 895 3664 doctrinei
910 3581 1044 3664 Chris·
1088 3555 1312 3680 gtauim„
1350 3686 1354 3692 ἱ

180 3713 301 3800 tiani.
329 3710 476 3799 In-fol.
507 3742 560 3797 m.
589 3742 630 3798 v.

222 3904 317 3976 Folio
332 3926 428 3976 verso
445 3903 550 3999 incipit
565 3897 717 3999 prologus
732 3896 779 3972 his
795 3898 917 3973 verbis:
932 3904 1041 3969 Canon

173 4024 451 4121 pruonnuudacoc
466 4022 556 4090 liuius
561 4017 684 4108 famosi
699 4023 794 4110 operis
812 4022 875 4087 siue
892 4019 983 4087 libelli
998 4044 1042 4087 se-

170 4141 292 4232 quftis,
310 4140 345 4206 de
363 4160 424 4206 arte
436 4140 612 4226 predicandi
632 4141 731 4207 sancti
752 4136 931 4231 Augustini.
956 4134 1040 4228 Quae

169 4257 270 4328 verba
287 4254 409 4350 capitaii
430 4254 610 4329 charactere
631 4256 747 4327 coloris
765 4254 842 4348 nigri
864 4255 1041 4348 exprimun-

169 4394 247 4461 tur,
264 4392 296 4443 et
318 4372 388 4446 haec
400 4372 510 4469 pagina
530 4373 632 4468 prima
648 4372 743 4441 habet
765 4395 809 4466 39
827 4371 941 4459 lineas,
965 4373 1042 4442 sicut

167 4510 291 4563 caeterae
322 4490 458 4585 integrae.
497 4485 648 4583 Occupat
686 4489 837 4583 prologus
878 4508 1044 4587 utramque

166 4608 315 4705 paginam
339 4608 430 4704 primi
459 4608 551 4695 folii,
573 4625 605 4677 et
631 4630 670 4699 31
694 4606 791 4677 lineas
810 4607 975 4698 sequentis.
1007 4608 1041 4675 In

166 4721 249 4798 lined
269 4726 421 4824 vigesimi
441 4723 581 4801 secundi
601 4723 723 4821 paginae
744 4719 918 4813 sectandae,
940 4744 971 4794 ct
994 4747 1042 4791 se-
