2925 6525
579 1525 1415 1600 ADANNUM.
1530 1532 1734 1619 1460.
1986 1555 2068 1631 ²3

412 1663 758 1735 Character
790 1661 958 1734 idem
986 1688 1118 1759 quo
1141 1664 1489 1734 ffieronimi
1509 1670 1772 1758 epistola
1790 1718 1814 1756 ,
1846 1690 1908 1735 et
1937 1671 2081 1738 Au-

313 1786 599 1878 gustinus
632 1786 706 1852 de
737 1784 970 1869 civitate
1003 1783 1181 1871 Dei,
1215 1778 1288 1852 a²c
1328 1784 1532 1853 caeteri
1564 1781 1747 1873 hujus
1781 1784 2078 1881 Catalogi

318 1900 500 1989 libri,
534 1898 679 1970 editi
713 1898 793 1969 ad
823 1899 1096 1970 formam
1131 1899 1452 1994 Virgiliani
1487 1901 1855 1972 characteris
1890 1902 2071 1972 incisi

323 2016 492 2110 apud
538 2019 596 2086 la
647 2015 928 2086 Valliere
967 2067 992 2106 ,
1046 2030 1256 2112 quem'
1294 2013 1647 2105 adjudicant
1692 2020 2075 2091 recentiores

317 2132 742 2227 Bibliographi
791 2133 1097 2203 Mantelio
1138 2131 1585 2228 Argentinensi
1606 2133 2072 2230 TypographO.

319 2248 725 2320 Terminatur
773 2251 1083 2320 volumen
1128 2274 1276 2320 cum
1323 2247 1529 2344 primii
1570 2248 1708 2318 folii
1750 2253 1914 2321 versi
1956 2277 2083 2333 co-,

312 2367 529 2439 lumnss
556 2420 580 2458 ,
625 2388 690 2439 et
743 2393 893 2439 cum
942 2390 1032 2462 27
1084 2367 1282 2439 lineis.

217 2570 275 2653 7
338 2541 610 2625 Sancti
665 2542 1153 2656 Augustini,
1196 2539 1297 2624 de
1342 2546 1658 2625 civitate
1705 2543 1912 2653 Dei,
1963 2541 2074 2624 li-

334 2672 459 2754 bri
516 2695 702 2752 xxu
742 2700 768 2771 ς
818 2702 1002 2755 cum
1050 2697 1483 2755 comment.
1516 2672 1851 2757 Thomae
1891 2677 2070 2758 An-

335 2799 552 2916 glici.
604 2799 881 2885 In-fol.
931 2832 1039 2884 m.
1083 2797 1182 2886 r..'

411 2969 633 3064 Incipit
675 2996 714 3040 a
760 2990 928 3041 textu
957 2997 977 3041 t
1012 2973 1519 3066 gloriosissimam
1585 2975 1880 3043 civitatem
1918 3026 1941 3060 ‚
1996 2972 2076 3042 ad

321 3090 655 3161 discrimen
701 3110 1069 3161 caeterarum
1116 3091 1465 3161 editionum
1498 3091 1578 3160 ab
1613 3116 1788 3160 anno
1833 3092 2012 3180 1·468
2043 3138 2071 3172 ,

318 3228 383 3281 et
419 3208 780 3279 terminatur
822 3208 982 3278 folio
1033 3232 1220 3279 verso
1269 3233 1416 3279 cum
1462 3205 1736 3280 secundia
1769 3207 2069 3279 column&

319 3328 416 3396 his
451 3326 655 3396 verbis
702 3326 1218 3397 constituentibus
1279 3338 1437 3423 15⁰¹.
1487 3325 1755 3397 lineam:
1770 3328 1961 3416 finito
1995 3331 2073 3395 li-

315 3447 422 3512 bro
456 3447 541 3513 sit
580 3449 720 3513 laus
756 3465 810 3512 et
846 3446 1046 3539 gloria
1090 3447 1290 3515 cristo·

410 3561 592 3631 Folio
661 3560 944 3655 sequenti
1012 3559 1319 3652 incipiunt
1391 3562 1825 3631 commentarii
1891 3560 2070 3649 cujus

293 3678 522 3749 'titulus
568 3677 1036 3771 manuscriptus
1083 3676 1172 3747 sic
1226 3677 1415 3747 habet
1450 3705 1469 3748 ε
1522 3681 1735 3769 incipit
1775 3703 2067 3748 commem

318 3799 555 3865 Fratris
607 3796 850 3864 Thomoe
887 3795 1140 3890 Anglici
1186 3795 1314 3865 ord.
1347 3798 1728 3885 praedicator.
1773 3821 1950 3885 super
1985 3797 2068 3862 li-

320 3915 457 3981 bros
489 3916 587 3981 Sti
621 3913 959 4007 Augustini
991 3914 1062 3980 de
1102 3914 1336 3982 civitate
1362 3914 1454 3979 dei
1494 3963 1517 3996 ,
1542 3930 1607 3980 et
1637 3935 1779 4002 pars
1814 3910 1913 3977 illa
1940 3928 2069 3979 ter-

324 4030 593 4098 minatur
645 4028 847 4098 indice
900 4051 986 4099 10
1036 4027 1366 4099 foliorum.

417 4144 660 4216 Textus
708 4146 895 4215 habet
957 4167 1049 4237 24
1093 4144 1247 4216 folia
1294 4169 1320 4232 3
1373 4139 1825 4215 commentaria
1867 4141 2068 4231 vcro,

317 4290 463 4338 cum
503 4262 758 4352 indice,
814 4253 930 4357 8'3.

411 4384 481 4451 In
537 4380 814 4451 editione
871 4378 1253 4476 Moguntina
1308 4380 1456 4450 anni
1527 4402 1758 4471 1473,
1805 4377 2066 4474 quilibet

315 4502 471 4569 liber
522 4500 584 4567 in
629 4498 837 4568 fronte
898 4498 1089 4569 habet
1137 4496 1407 4568 indicem
1454 4496 1954 4590 Capitulorum;
2004 4495 2065 4562 in

211 4596 246 4617 '⁴
312 4622 434 4687 hac
483 4614 639 4685 vcro
680 4641 816 4688 non
863 4636 1076 4705 extat,
1117 4615 1230 4684 nisi
1276 4616 1339 4684 in
1386 4633 1656 4711 quatuor
1702 4610 2069 4707 posteriori-

316 4737 432 4807 bus
475 4733 661 4808 libris.
1638 4828 1728 4898 B·

515 4856 532 4870 ⁸
1718 4851 1780 4896 iv

2190 2554 2513 2678 ⁴51³?‘7
2533 2522 2617 2644 „p

2198 2684 2514 2868 Ἓνῑβίῡ
