<?xml version="1.0" encoding="UTF-8"?>
<!DOCTYPE html PUBLIC "-//W3C//DTD XHTML 1.0 Transitional//EN"
    "http://www.w3.org/TR/xhtml1/DTD/xhtml1-transitional.dtd">
<html xmlns="http://www.w3.org/1999/xhtml" xml:lang="en" lang="en">
 <head>
  <title>
</title>
<meta http-equiv="Content-Type" content="text/html;charset=utf-8" />
  <meta name='ocr-system' content='tesseract 3.04.00' />
  <meta name='ocr-capabilities' content='ocr_page ocr_carea ocr_par ocr_line ocrx_word'/>
</head>
<body>
  <div class='ocr_page' id='page_1' title='image "./indexlibrorumab01lairgoog_0383.png"; bbox 0 0 2925 6525; ppageno 0'>
   <div class='ocr_carea' id='block_1_1' title="bbox 263 990 952 1199">
    <p class='ocr_par' dir='ltr' id='par_1_1' title="bbox 263 990 952 1199">
     <span class='ocr_line' id='line_1_1' title="bbox 797 990 819 1033; baseline 0 0"><span class='ocrx_word' id='word_1_1' title='bbox 797 990 819 1033; x_wconf 75' lang='lat'>0</span> 
     </span>
     <span class='ocr_line' id='line_1_2' title="bbox 263 1102 952 1199; baseline 0.013 -24"><span class='ocrx_word' id='word_1_2' title='bbox 263 1122 339 1199; x_wconf 84' lang='lat'><em>370</em></span> <span class='ocrx_word' id='word_1_3' title='bbox 533 1102 755 1177; x_wconf 76' lang='lat' dir='ltr'><strong>L&#39;IBRl</strong></span> <span class='ocrx_word' id='word_1_4' title='bbox 807 1106 952 1183; x_wconf 87' lang='lat' dir='ltr'><em>SUB</em></span> 
     </span>
    </p>
   </div>
   <div class='ocr_carea' id='block_1_2' title="bbox 183 1252 1216 2032">
    <p class='ocr_par' dir='ltr' id='par_1_2' title="bbox 183 1252 1216 2032">
     <span class='ocr_line' id='line_1_3' title="bbox 183 1252 1216 1345; baseline 0.021 -24"><span class='ocrx_word' id='word_1_5' title='bbox 183 1330 188 1339; x_wconf 44' lang='grc'><em>,</em></span> <span class='ocrx_word' id='word_1_6' title='bbox 311 1255 375 1325; x_wconf 81' lang='lat' dir='ltr'><em>N0.</em></span> <span class='ocrx_word' id='word_1_7' title='bbox 403 1252 531 1342; x_wconf 83' lang='lat'>28163</span> <span class='ocrx_word' id='word_1_8' title='bbox 558 1256 618 1328; x_wconf 88' lang='lat' dir='ltr'><em>sed</em></span> <span class='ocrx_word' id='word_1_9' title='bbox 647 1259 682 1328; x_wconf 91' lang='lat' dir='ltr'><em>in</em></span> <span class='ocrx_word' id='word_1_10' title='bbox 712 1260 784 1333; x_wconf 90' lang='lat' dir='ltr'><em>hoc</em></span> <span class='ocrx_word' id='word_1_11' title='bbox 813 1283 935 1336; x_wconf 87' lang='lat' dir='ltr'><em>nostro</em></span> <span class='ocrx_word' id='word_1_12' title='bbox 960 1288 1034 1337; x_wconf 87' lang='lat' dir='ltr'><em>non</em></span> <span class='ocrx_word' id='word_1_13' title='bbox 1059 1282 1216 1345; x_wconf 70' lang='lat' dir='ltr'><em>occumt.</em></span> 
     </span>
     <span class='ocr_line' id='line_1_4' title="bbox 313 1373 1198 1478; baseline 0.008 -36"><span class='ocrx_word' id='word_1_14' title='bbox 313 1392 388 1443; x_wconf 83' lang='lat' dir='ltr'>ante</span> <span class='ocrx_word' id='word_1_15' title='bbox 402 1373 672 1470; x_wconf 75' lang='lat' dir='ltr'>subscriptionem</span> <span class='ocrx_word' id='word_1_16' title='bbox 691 1377 765 1450; x_wconf 80' lang='lat' dir='ltr'><em>haec</em></span> <span class='ocrx_word' id='word_1_17' title='bbox 784 1381 892 1452; x_wconf 80' lang='lat' dir='ltr'>verba</span> <span class='ocrx_word' id='word_1_18' title='bbox 909 1407 987 1478; x_wconf 75' lang='lat' dir='ltr'><em>quae</em></span> <span class='ocrx_word' id='word_1_19' title='bbox 1005 1402 1111 1455; x_wconf 82' lang='lat' dir='ltr'>extare</span> <span class='ocrx_word' id='word_1_20' title='bbox 1124 1381 1198 1452; x_wconf 90' lang='lat' dir='ltr'><em>dicit:</em></span> 
     </span>
     <span class='ocr_line' id='line_1_5' title="bbox 314 1489 1197 1592; baseline 0.008 -34"><span class='ocrx_word' id='word_1_21' title='bbox 314 1489 464 1582; x_wconf 61' lang='lat' dir='ltr'><em>Rapiat</em></span> <span class='ocrx_word' id='word_1_22' title='bbox 482 1492 705 1588; x_wconf 52' lang='lat' dir='ltr'><em>Zovenzonius</em></span> <span class='ocrx_word' id='word_1_23' title='bbox 725 1496 809 1564; x_wconf 87' lang='lat' dir='ltr'><em>Ister</em></span> <span class='ocrx_word' id='word_1_24' title='bbox 831 1500 1011 1569; x_wconf 79' lang='lat' dir='ltr'><em>Vindelino</em></span> <span class='ocrx_word' id='word_1_25' title='bbox 1032 1496 1197 1592; x_wconf 70' lang='lat' dir='ltr'><em>Spirensid</em></span> 
     </span>
     <span class='ocr_line' id='line_1_6' title="bbox 315 1604 1194 1701; baseline 0.011 -26"><span class='ocrx_word' id='word_1_26' title='bbox 315 1604 385 1692; x_wconf 80' lang='lat' dir='ltr'><em>ejus</em></span> <span class='ocrx_word' id='word_1_27' title='bbox 408 1610 610 1679; x_wconf 74' lang='lat' dir='ltr'><em>incredibilem</em></span> <span class='ocrx_word' id='word_1_28' title='bbox 633 1611 837 1701; x_wconf 82' lang='lat' dir='ltr'><em>imprimendi</em></span> <span class='ocrx_word' id='word_1_29' title='bbox 865 1618 1030 1685; x_wconf 81' lang='lat' dir='ltr'><em>solertiam</em></span> <span class='ocrx_word' id='word_1_30' title='bbox 1057 1616 1135 1701; x_wconf 65' lang='lat'><em>1212</em></span> <span class='ocrx_word' id='word_1_31' title='bbox 1135 1663 1194 1686; x_wconf 81' lang='grc'><strong>.....</strong></span> 
     </span>
     <span class='ocr_line' id='line_1_7' title="bbox 317 1722 1194 1828; baseline 0.008 -34"><span class='ocrx_word' id='word_1_32' title='bbox 317 1722 402 1796; x_wconf 85' lang='lat' dir='ltr'><em>Haec</em></span> <span class='ocrx_word' id='word_1_33' title='bbox 430 1727 532 1796; x_wconf 82' lang='lat' dir='ltr'>verba</span> <span class='ocrx_word' id='word_1_34' title='bbox 561 1744 671 1796; x_wconf 84' lang='lat' dir='ltr'>extant</span> <span class='ocrx_word' id='word_1_35' title='bbox 694 1727 728 1796; x_wconf 90' lang='lat' dir='ltr'><em>in</em></span> <span class='ocrx_word' id='word_1_36' title='bbox 756 1727 904 1802; x_wconf 87' lang='lat' dir='ltr'><em>editione</em></span> <span class='ocrx_word' id='word_1_37' title='bbox 937 1731 1042 1828; x_wconf 70' lang='lat' dir='ltr'><em>primi</em></span> <span class='ocrx_word' id='word_1_38' title='bbox 1063 1727 1194 1803; x_wconf 82' lang='lat' dir='ltr'><em>Vndtlini</em></span> 
     </span>
     <span class='ocr_line' id='line_1_8' title="bbox 316 1840 1206 1939; baseline 0.004 -27"><span class='ocrx_word' id='word_1_39' title='bbox 316 1840 358 1913; x_wconf 90' lang='lat' dir='ltr'><em>de</em></span> <span class='ocrx_word' id='word_1_40' title='bbox 377 1841 491 1939; x_wconf 69' lang='lat' dir='ltr'><em>Spiris,</em></span> <span class='ocrx_word' id='word_1_41' title='bbox 513 1842 569 1914; x_wconf 89' lang='lat' dir='ltr'><em>sed</em></span> <span class='ocrx_word' id='word_1_42' title='bbox 590 1868 659 1914; x_wconf 90' lang='lat' dir='ltr'><em>non</em></span> <span class='ocrx_word' id='word_1_43' title='bbox 682 1842 784 1917; x_wconf 88' lang='lat' dir='ltr'><em>video</em></span> <span class='ocrx_word' id='word_1_44' title='bbox 805 1871 866 1919; x_wconf 87' lang='lat' dir='ltr'><em>cur</em></span> <span class='ocrx_word' id='word_1_45' title='bbox 890 1850 926 1919; x_wconf 92' lang='lat' dir='ltr'><em>in</em></span> <span class='ocrx_word' id='word_1_46' title='bbox 946 1852 1008 1923; x_wconf 89' lang='lat' dir='ltr'><em>hac</em></span> <span class='ocrx_word' id='word_1_47' title='bbox 1030 1848 1146 1922; x_wconf 77' lang='lat' dir='ltr'><em>loannis</em></span> <span class='ocrx_word' id='word_1_48' title='bbox 1159 1844 1206 1916; x_wconf 84' lang='lat' dir='ltr'><em>dc·</em></span> 
     </span>
     <span class='ocr_line' id='line_1_9' title="bbox 320 1959 1070 2032; baseline 0.007 -2"><span class='ocrx_word' id='word_1_49' title='bbox 320 1959 463 2032; x_wconf 70' lang='lat' dir='ltr'><em>Colonii</em></span> <span class='ocrx_word' id='word_1_50' title='bbox 484 1980 637 2032; x_wconf 79' lang='lat' dir='ltr'><em>extarent.</em></span> <span class='ocrx_word' id='word_1_51' title='bbox 1067 2000 1070 2007; x_wconf 95' lang='lat'>·</span> 
     </span>
    </p>
   </div>
   <div class='ocr_carea' id='block_1_3' title="bbox 367 2116 880 2194">
    <p class='ocr_par' dir='ltr' id='par_1_3' title="bbox 367 2116 880 2194">
     <span class='ocr_line' id='line_1_10' title="bbox 367 2116 880 2194; baseline 0.01 -6"><span class='ocrx_word' id='word_1_52' title='bbox 367 2116 623 2188; x_wconf 74' lang='lat' dir='ltr'>Exarmare</span> <span class='ocrx_word' id='word_1_53' title='bbox 651 2134 880 2194; x_wconf 71' lang='lat' dir='ltr'><em>teneant.</em></span> 
     </span>
    </p>
   </div>
   <div class='ocr_carea' id='block_1_4' title="bbox 75 2302 1186 2615">
    <p class='ocr_par' dir='ltr' id='par_1_4' title="bbox 75 2302 1186 2615">
     <span class='ocr_line' id='line_1_11' title="bbox 75 2302 1186 2451; baseline -0.001 -35"><span class='ocrx_word' id='word_1_54' title='bbox 75 2302 187 2451; x_wconf 43' lang='grc' dir='ltr'><em>ἢ,</em></span> <span class='ocrx_word' id='word_1_55' title='bbox 277 2360 328 2450; x_wconf 81' lang='lat'><em>33</em></span> <span class='ocrx_word' id='word_1_56' title='bbox 358 2333 465 2416; x_wconf 87' lang='lat' dir='ltr'><em>Petri</em></span> <span class='ocrx_word' id='word_1_57' title='bbox 484 2331 604 2449; x_wconf 84' lang='lat' dir='ltr'><em>Nigri</em></span> <span class='ocrx_word' id='word_1_58' title='bbox 628 2357 820 2417; x_wconf 87' lang='lat' dir='ltr'><em>tractatus</em></span> <span class='ocrx_word' id='word_1_59' title='bbox 842 2360 991 2420; x_wconf 87' lang='lat' dir='ltr'><em>contra</em></span> <span class='ocrx_word' id='word_1_60' title='bbox 1012 2333 1186 2449; x_wconf 84' lang='lat' dir='ltr'><em>perfidiam</em></span> 
     </span>
     <span class='ocr_line' id='line_1_12' title="bbox 75 2452 899 2615; baseline -0.01 -58"><span class='ocrx_word' id='word_1_61' title='bbox 75 2452 181 2615; x_wconf 43' lang='lat' dir='ltr'><em>rias}</em></span> <span class='ocrx_word' id='word_1_62' title='bbox 331 2465 577 2559; x_wconf 78' lang='lat' dir='ltr'><em>iudaeorum.</em></span> <span class='ocrx_word' id='word_1_63' title='bbox 606 2461 749 2598; x_wconf 72' lang='lat' dir='ltr'><em>Infol.</em></span> <span class='ocrx_word' id='word_1_64' title='bbox 777 2493 833 2549; x_wconf 81' lang='lat' dir='ltr'><em>m.</em></span> <span class='ocrx_word' id='word_1_65' title='bbox 863 2495 899 2549; x_wconf 89' lang='lat' dir='ltr'><em>r.</em></span> 
     </span>
    </p>
   </div>
   <div class='ocr_carea' id='block_1_5' title="bbox 279 2674 1189 4433">
    <p class='ocr_par' dir='ltr' id='par_1_5' title="bbox 279 2674 1189 3576">
     <span class='ocr_line' id='line_1_13' title="bbox 373 2674 1185 2770; baseline 0.005 -27"><span class='ocrx_word' id='word_1_66' title='bbox 373 2677 410 2743; x_wconf 89' lang='lat' dir='ltr'><em>ln</em></span> <span class='ocrx_word' id='word_1_67' title='bbox 431 2676 495 2746; x_wconf 88' lang='lat' dir='ltr'><em>fine</em></span> <span class='ocrx_word' id='word_1_68' title='bbox 521 2674 657 2770; x_wconf 83' lang='lat' dir='ltr'><em>legitur:</em></span> <span class='ocrx_word' id='word_1_69' title='bbox 682 2678 806 2768; x_wconf 83' lang='lat' dir='ltr'><em>explicit</em></span> <span class='ocrx_word' id='word_1_70' title='bbox 835 2700 988 2750; x_wconf 84' lang='lat' dir='ltr'><em>tractatus</em></span> <span class='ocrx_word' id='word_1_71' title='bbox 1015 2680 1059 2749; x_wconf 77' lang='lat' dir='ltr'><em>ad</em></span> <span class='ocrx_word' id='word_1_72' title='bbox 1084 2679 1185 2752; x_wconf 58' lang='grc' dir='ltr'><em>ΜΝ·</em></span> 
     </span>
     <span class='ocr_line' id='line_1_14' title="bbox 279 2793 1186 2888; baseline 0.001 -27"><span class='ocrx_word' id='word_1_73' title='bbox 279 2796 282 2801; x_wconf 85' lang='grc'><strong>’</strong></span> <span class='ocrx_word' id='word_1_74' title='bbox 326 2817 394 2861; x_wconf 83' lang='lat' dir='ltr'><em>nrm</em></span> <span class='ocrx_word' id='word_1_75' title='bbox 409 2793 571 2882; x_wconf 76' lang='lat' dir='ltr'><em>perfidiam</em></span> <span class='ocrx_word' id='word_1_76' title='bbox 592 2796 811 2884; x_wconf 72' lang='lat' dir='ltr'><em>extirpmdarn</em></span> <span class='ocrx_word' id='word_1_77' title='bbox 832 2797 990 2884; x_wconf 85' lang='lat' dir='ltr'><em>confectus</em></span> <span class='ocrx_word' id='word_1_78' title='bbox 1004 2822 1060 2888; x_wconf 85' lang='lat' dir='ltr'><em>per</em></span> <span class='ocrx_word' id='word_1_79' title='bbox 1075 2796 1186 2865; x_wconf 70' lang='lat' dir='ltr'><em>Fron</em></span> 
     </span>
     <span class='ocr_line' id='line_1_15' title="bbox 327 2907 1187 3004; baseline -0.003 -26"><span class='ocrx_word' id='word_1_80' title='bbox 327 2911 450 2978; x_wconf 84' lang='lat' dir='ltr'><em>Petrum</em></span> <span class='ocrx_word' id='word_1_81' title='bbox 484 2910 576 3004; x_wconf 82' lang='lat' dir='ltr'><em>Nigri</em></span> <span class='ocrx_word' id='word_1_82' title='bbox 609 2913 728 2980; x_wconf 84' lang='lat' dir='ltr'><em>ordinis</em></span> <span class='ocrx_word' id='word_1_83' title='bbox 763 2913 1129 2986; x_wconf 82' lang='lat' dir='ltr'><em>Proedicatomm........</em></span> <span class='ocrx_word' id='word_1_84' title='bbox 1147 2907 1187 3000; x_wconf 78' lang='lat' dir='ltr'><em>qrri</em></span> 
     </span>
     <span class='ocr_line' id='line_1_16' title="bbox 328 3029 1188 3122; baseline 0.003 -25"><span class='ocrx_word' id='word_1_85' title='bbox 328 3050 356 3097; x_wconf 88' lang='lat' dir='ltr'><em>et</em></span> <span class='ocrx_word' id='word_1_86' title='bbox 374 3029 441 3118; x_wconf 86' lang='lat' dir='ltr'><em>ipso</em></span> <span class='ocrx_word' id='word_1_87' title='bbox 463 3029 621 3121; x_wconf 80' lang='lat' dir='ltr'><em>corrigente</em></span> <span class='ocrx_word' id='word_1_88' title='bbox 650 3030 816 3119; x_wconf 79' lang='lat' dir='ltr'><em>impressus</em></span> <span class='ocrx_word' id='word_1_89' title='bbox 845 3052 892 3100; x_wconf 86' lang='lat' dir='ltr'><em>est</em></span> <span class='ocrx_word' id='word_1_90' title='bbox 917 3057 976 3122; x_wconf 81' lang='lat' dir='ltr'><em>per</em></span> <span class='ocrx_word' id='word_1_91' title='bbox 1001 3035 1188 3101; x_wconf 64' lang='lat' dir='ltr'><em>domama</em></span> 
     </span>
     <span class='ocr_line' id='line_1_17' title="bbox 329 3146 1187 3240; baseline -0.005 -26"><span class='ocrx_word' id='word_1_92' title='bbox 329 3146 513 3215; x_wconf 81' lang='lat' dir='ltr'><em>industrium</em></span> <span class='ocrx_word' id='word_1_93' title='bbox 533 3147 633 3216; x_wconf 82' lang='lat' dir='ltr'><em>virum</em></span> <span class='ocrx_word' id='word_1_94' title='bbox 657 3147 835 3215; x_wconf 75' lang='lat' dir='ltr'><em>conradum</em></span> <span class='ocrx_word' id='word_1_95' title='bbox 855 3151 964 3240; x_wconf 88' lang='lat' dir='ltr'><em>Fyner</em></span> <span class='ocrx_word' id='word_1_96' title='bbox 988 3152 1024 3218; x_wconf 83' lang='lat' dir='ltr'><em>de</em></span> <span class='ocrx_word' id='word_1_97' title='bbox 1045 3147 1187 3217; x_wconf 66' lang='lat' dir='ltr'><em>Gaison.</em></span> 
     </span>
     <span class='ocr_line' id='line_1_18' title="bbox 330 3265 1187 3362; baseline -0.008 -26"><span class='ocrx_word' id='word_1_98' title='bbox 330 3267 371 3337; x_wconf 88' lang='lat' dir='ltr'><em>In</em></span> <span class='ocrx_word' id='word_1_99' title='bbox 402 3265 550 3362; x_wconf 81' lang='lat' dir='ltr'><em>Eslirrgcn</em></span> <span class='ocrx_word' id='word_1_100' title='bbox 579 3266 733 3355; x_wconf 81' lang='lat' dir='ltr'><em>imperiali</em></span> <span class='ocrx_word' id='word_1_101' title='bbox 765 3269 853 3335; x_wconf 77' lang='lat' dir='ltr'><em>Villa</em></span> <span class='ocrx_word' id='word_1_102' title='bbox 880 3288 911 3336; x_wconf 87' lang='lat' dir='ltr'><em>et</em></span> <span class='ocrx_word' id='word_1_103' title='bbox 938 3272 1093 3360; x_wconf 78' lang='lat' dir='ltr'><em>complens</em></span> <span class='ocrx_word' id='word_1_104' title='bbox 1116 3282 1187 3330; x_wconf 80' lang='lat' dir='ltr'><em>anno</em></span> 
     </span>
     <span class='ocr_line' id='line_1_19' title="bbox 332 3377 1189 3467; baseline -0.005 -11"><span class='ocrx_word' id='word_1_105' title='bbox 332 3388 373 3457; x_wconf 80' lang='lat' dir='ltr'><em>ab</em></span> <span class='ocrx_word' id='word_1_106' title='bbox 394 3386 547 3457; x_wconf 83' lang='lat' dir='ltr'><em>incarnat.</em></span> <span class='ocrx_word' id='word_1_107' title='bbox 572 3381 627 3452; x_wconf 76' lang='lat' dir='ltr'><em>diri</em></span> <span class='ocrx_word' id='word_1_108' title='bbox 656 3384 764 3452; x_wconf 87' lang='lat' dir='ltr'><em>milles.</em></span> <span class='ocrx_word' id='word_1_109' title='bbox 794 3381 950 3455; x_wconf 84' lang='lat' dir='ltr'><strong>CCCC.</strong></span> <span class='ocrx_word' id='word_1_110' title='bbox 970 3383 1136 3467; x_wconf 85' lang='lat' dir='ltr'>LXXV,</span> <span class='ocrx_word' id='word_1_111' title='bbox 1154 3377 1189 3446; x_wconf 64' lang='lat' dir='ltr'><em>dit</em></span> 
     </span>
     <span class='ocr_line' id='line_1_20' title="bbox 335 3503 548 3576; baseline -0.023 0"><span class='ocrx_word' id='word_1_112' title='bbox 335 3527 422 3576; x_wconf 86' lang='lat' dir='ltr'><em>sexta</em></span> <span class='ocrx_word' id='word_1_113' title='bbox 447 3503 548 3575; x_wconf 89' lang='lat' dir='ltr'><em>Junii.</em></span> 
     </span>
    </p>

    <p class='ocr_par' dir='ltr' id='par_1_6' title="bbox 334 3615 1188 4433">
     <span class='ocr_line' id='line_1_21' title="bbox 384 3615 1188 3718; baseline -0.01 -23"><span class='ocrx_word' id='word_1_114' title='bbox 384 3622 477 3718; x_wconf 89' lang='lat' dir='ltr'><em>Opus</em></span> <span class='ocrx_word' id='word_1_115' title='bbox 489 3620 599 3692; x_wconf 89' lang='lat' dir='ltr'><em>dicitur</em></span> <span class='ocrx_word' id='word_1_116' title='bbox 606 3616 806 3689; x_wconf 87' lang='lat' dir='ltr'><em>terminatum</em></span> <span class='ocrx_word' id='word_1_117' title='bbox 815 3615 1003 3712; x_wconf 85' lang='lat' dir='ltr'><em>Ratisponae</em></span> <span class='ocrx_word' id='word_1_118' title='bbox 1012 3643 1095 3690; x_wconf 89' lang='lat' dir='ltr'><em>anno</em></span> <span class='ocrx_word' id='word_1_119' title='bbox 1108 3632 1188 3705; x_wconf 78' lang='lat'><em>1474</em></span> 
     </span>
     <span class='ocr_line' id='line_1_22' title="bbox 334 3734 1188 3832; baseline -0.018 -20"><span class='ocrx_word' id='word_1_120' title='bbox 334 3741 541 3813; x_wconf 77' lang='lat' dir='ltr'><em>characteres</em></span> <span class='ocrx_word' id='word_1_121' title='bbox 562 3735 710 3807; x_wconf 85' lang='lat' dir='ltr'><em>Hebraici</em></span> <span class='ocrx_word' id='word_1_122' title='bbox 735 3735 815 3805; x_wconf 90' lang='lat' dir='ltr'><em>folio</em></span> <span class='ocrx_word' id='word_1_123' title='bbox 845 3734 975 3807; x_wconf 88' lang='lat' dir='ltr'><em>decimo</em></span> <span class='ocrx_word' id='word_1_124' title='bbox 1007 3754 1145 3832; x_wconf 88' lang='lat' dir='ltr'>apparent</span> <span class='ocrx_word' id='word_1_125' title='bbox 1165 3742 1188 3797; x_wconf 85' lang='lat' dir='ltr'><em>et</em></span> 
     </span>
     <span class='ocr_line' id='line_1_23' title="bbox 334 3850 1188 3956; baseline -0.019 -27"><span class='ocrx_word' id='word_1_126' title='bbox 334 3861 427 3956; x_wconf 90' lang='lat' dir='ltr'><em>primi</em></span> <span class='ocrx_word' id='word_1_127' title='bbox 451 3875 522 3928; x_wconf 84' lang='lat' dir='ltr'><em>sunt</em></span> <span class='ocrx_word' id='word_1_128' title='bbox 544 3855 656 3926; x_wconf 89' lang='lat' dir='ltr'><em>decimi</em></span> <span class='ocrx_word' id='word_1_129' title='bbox 682 3852 781 3947; x_wconf 90' lang='lat' dir='ltr'><em>quinti</em></span> <span class='ocrx_word' id='word_1_130' title='bbox 809 3854 926 3924; x_wconf 84' lang='lat' dir='ltr'><em>saeculi.</em></span> <span class='ocrx_word' id='word_1_131' title='bbox 963 3856 1012 3925; x_wconf 86' lang='lat' dir='ltr'><em>Ex</em></span> <span class='ocrx_word' id='word_1_132' title='bbox 1041 3855 1102 3925; x_wconf 90' lang='lat' dir='ltr'><em>hoc</em></span> <span class='ocrx_word' id='word_1_133' title='bbox 1126 3850 1188 3919; x_wconf 89' lang='lat' dir='ltr'><em>libro</em></span> 
     </span>
     <span class='ocr_line' id='line_1_24' title="bbox 334 3966 1188 4070; baseline -0.012 -21"><span class='ocrx_word' id='word_1_134' title='bbox 334 3976 514 4070; x_wconf 86' lang='lat' dir='ltr'><em>colligitur,</em></span> <span class='ocrx_word' id='word_1_135' title='bbox 538 3974 570 4044; x_wconf 92' lang='lat' dir='ltr'><em>in</em></span> <span class='ocrx_word' id='word_1_136' title='bbox 595 3968 767 4042; x_wconf 73' lang='lat' dir='ltr'><em>Germanii</em></span> <span class='ocrx_word' id='word_1_137' title='bbox 789 3970 869 4041; x_wconf 87' lang='lat' dir='ltr'><em>sicut</em></span> <span class='ocrx_word' id='word_1_138' title='bbox 890 3971 923 4039; x_wconf 92' lang='lat' dir='ltr'><em>in</em></span> <span class='ocrx_word' id='word_1_139' title='bbox 946 3971 1034 4043; x_wconf 74' lang='lat' dir='ltr'><em>ltaliri</em></span> <span class='ocrx_word' id='word_1_140' title='bbox 1057 3966 1188 4068; x_wconf 78' lang='lat' dir='ltr'><em>praefiisse</em></span> 
     </span>
     <span class='ocr_line' id='line_1_25' title="bbox 336 4071 1186 4188; baseline -0.012 -23"><span class='ocrx_word' id='word_1_141' title='bbox 336 4091 421 4186; x_wconf 73' lang='lat' dir='ltr'><em>saepe</em></span> <span class='ocrx_word' id='word_1_142' title='bbox 437 4087 694 4188; x_wconf 79' lang='lat' dir='ltr'><em>Typographicis</em></span> <span class='ocrx_word' id='word_1_143' title='bbox 717 4087 817 4182; x_wconf 85' lang='lat' dir='ltr'><em>ptaelis</em></span> <span class='ocrx_word' id='word_1_144' title='bbox 839 4108 1063 4178; x_wconf 85' lang='lat' dir='ltr'><em>correctores,</em></span> <span class='ocrx_word' id='word_1_145' title='bbox 1084 4071 1186 4184; x_wconf 57' lang='lat' dir='ltr'>quand&amp;</span> 
     </span>
     <span class='ocr_line' id='line_1_26' title="bbox 338 4203 1187 4303; baseline -0.012 -21"><span class='ocrx_word' id='word_1_146' title='bbox 338 4230 482 4283; x_wconf 83' lang='lat' dir='ltr'><em>auctores</em></span> <span class='ocrx_word' id='word_1_147' title='bbox 510 4209 567 4303; x_wconf 85' lang='lat' dir='ltr'><em>ipsi</em></span> <span class='ocrx_word' id='word_1_148' title='bbox 592 4230 707 4276; x_wconf 82' lang='lat' dir='ltr'>munus</span> <span class='ocrx_word' id='word_1_149' title='bbox 733 4203 808 4275; x_wconf 89' lang='lat' dir='ltr'><em>illud</em></span> <span class='ocrx_word' id='word_1_150' title='bbox 837 4228 905 4274; x_wconf 95' lang='lat' dir='ltr'><em>non</em></span> <span class='ocrx_word' id='word_1_151' title='bbox 934 4206 1119 4299; x_wconf 69' lang='lat' dir='ltr'>praestabant</span> <span class='ocrx_word' id='word_1_152' title='bbox 1135 4206 1187 4289; x_wconf 66' lang='lat' dir='ltr'><em>‚et</em></span> 
     </span>
     <span class='ocr_line' id='line_1_27' title="bbox 337 4320 1187 4433; baseline -0.014 -32"><span class='ocrx_word' id='word_1_153' title='bbox 337 4327 401 4420; x_wconf 76' lang='lat' dir='ltr'><em>iarn</em></span> <span class='ocrx_word' id='word_1_154' title='bbox 422 4328 462 4399; x_wconf 89' lang='lat' dir='ltr'><em>ab</em></span> <span class='ocrx_word' id='word_1_155' title='bbox 485 4327 549 4433; x_wconf 76' lang='lat' dir='ltr'><em>hoe</em></span> <span class='ocrx_word' id='word_1_156' title='bbox 572 4344 718 4419; x_wconf 88' lang='lat' dir='ltr'><em>tempore</em></span> <span class='ocrx_word' id='word_1_157' title='bbox 741 4321 988 4420; x_wconf 80' lang='lat' dir='ltr'><em>approbationes</em></span> <span class='ocrx_word' id='word_1_158' title='bbox 1009 4326 1051 4396; x_wconf 85' lang='lat' dir='ltr'><em>ab</em></span> <span class='ocrx_word' id='word_1_159' title='bbox 1076 4320 1187 4416; x_wconf 76' lang='lat' dir='ltr'><em>Episco-</em></span> 
     </span>
    </p>
   </div>
   <div class='ocr_carea' id='block_1_6' title="bbox 0 0 1482 6525">
    <p class='ocr_par' dir='ltr' id='par_1_7' title="bbox 0 0 1482 6525">
     <span class='ocr_line' id='line_1_28' title="bbox 0 0 1482 6525; baseline 0 0"><span class='ocrx_word' id='word_1_160' title='bbox 0 0 1482 6525; x_wconf 95' lang='lat' dir='ltr'><em> </em></span> 
     </span>
    </p>
   </div>
  </div>
 </body>
</html>
