2925 6525
163 731 262 1013 ΙΙ
283 727 1287 1031 .—
1161 1003 1168 1010 ι

368 1471 402 1545 A
427 1473 461 1547 N
485 1474 519 1545 N
544 1474 580 1545 Ο
633 1497 736 1575 ¹475·
951 1501 1017 1575 371

148 1606 183 1681 »is
206 1609 415 1705 expostulari.
441 1608 493 1681 Sic
513 1611 598 1681 enim
620 1612 652 1681 in
668 1612 738 1681 'fine
762 1612 865 1708 operis
888 1614 1021 1710 legitur:

148 1748 176 1796 tt
209 1751 314 1797 autore
348 1731 526 1819 opuseulum
560 1727 615 1796 boc
653 1732 739 1820 quod
769 1755 867 1823 mortu
893 1737 1022 1824 propria

149 1846 287 1937 soptim
304 1846 554 1914 reveremiissimoe
566 1846 748 1935 paternitati
764 1869 822 1916 tuo
844 1844 1021 1945 (Episcop.

152 1952 395 2054 Ritisponensi)
423 1962 628 2055 corrigendum
656 1964 943 2055 approbandumque
967 1970 1021 2035 ob·

155 2079 270 2145 ulnam
286 2079 430 2167 pluribus
446 2080 588 2169 prodesse
611 2103 648 2146 ot
665 2081 762 2148 latites
781 2080 932 2175 divulgari
944 2108 1021 2174 pos·

158 2194 199 2265 sit.
218 2192 461 2288 D'tigrmissime
483 2216 642 2273 correctum
672 2216 736 2264 arte
761 2198 951 2285 impressoria
983 2203 1019 2266 irt

158 2311 294 2399 presentia
313 2334 381 2378 mea
390 2310 524 2404 figurari
541 2306 602 2394 soei
603 2361 714 2382 .......
739 2315 818 2380 nulli
842 2314 1020 2405 itaqutim·

161 2428 273 2514 pressori
299 2430 476 2516 opuseulum
504 2426 559 2494 hot
591 2428 758 2516 imprimere
784 2431 871 2499 liceat
896 2433 960 2499 nisi
982 2434 1042 2511 iu,

163 2544 255 2638 Κυρὶς
269 2543 429 2632 hebraica,
445 2545 601 2634 [omnaque
614 2565 800 2614 correctorem
817 2546 927 2614 habeat
938 2572 1021 2616 com·

159 2680 269 2747 pomer
289 2661 479 2731 instrocotm.

196 2796 353 2869 volumen
375 2797 440 2868 hoc
463 2821 530 2868 non
553 2796 664 2892 parion
686 2795 821 2869 utilitatis
846 2796 935 2869 affert
956 2824 1017 2895 pro

162 2912 268 3010 antiqua
289 2912 529 3011 Typographiae
556 2913 694 2985 historia.
717 2911 825 2985 Habe't
847 2894 1017 3010 signat'uras

159 3052 238 3101 mauu
259 3049 399 3103 exaratas
425 3032 457 3101 in
479 3029 537 3102 ori
564 3029 704 3101 extremi
729 3031 890 3102 foliorum.
920 3031 1017 3104 Desi-

155 3143 287 3220 derantur
308 3146 454 3221 custodes
482 3174 520 3219 ac
541 3147 663 3218 numeri
681 3172 693 3235 ;
718 3146 774 3219 sed
797 3148 942 3244 quaedam
964 3151 1016 3222 lit·

155 3283 217 3337 terae
236 3268 421 3362 principaies
441 3267 546 3339 incisae
568 3287 651 3340 sunt.

190 3403 358 3498 Exemplar
380 3405 503 3499 elegans
526 3403 595 3474 libri
615 3401 770 3476 rarissimi.

149 3617 338 3728 tNicolai
372 3618 522 3703 Perotti
556 3617 779 3703 rudimenta
817 3645 1013 3732 gramma·
1086 3611 1155 3714 t‘b.

155 3755 258 3837 tices.
289 3747 426 3833 In-fol.
1092 3734 1156 3881 sl}
1223 3819 1231 3835 .

188 3959 224 4032 ln
249 3962 311 4032 fine
337 3961 469 4057 legitur:
484 3985 610 4053 presens
635 3961 695 4031 luet
720 3960 888 4055 regolamm
906 3984 1011 4055 gram·

150 4082 300 4150 mutu
317 4082 444 4169 {pressio
459 4080 493 4146 irr
507 4080 609 4147 studio
624 4077 780 4147 Poto-rino
791 4074 881 4164 foeta
897 4101 953 4169 per
965 4100 1012 4146 me

150 4199 317 4293 nagistrum
333 4198 491 4264 Albtrtum
510 4198 546 4262 dt
565 4196 703 4263 St‘e'dalt'o
722 4196 854 4288 dilig‘t'ter
872 4196 1011 4263 laborm

150 4338 223 4382 trono
239 4315 360 4382 domini
375 4313 424 4385 M.
440 4310 575 4383 CCCC.
589 4308 747 4401 LXXV,
766 4313 812 4380 die
824 4335 893 4383 tero
905 4310 1016 4383 XVII

150 4434 248 4501 ttertsis
270 4431 370 4501 Iunii.

176 4584 256 4657 Non
275 4585 370 4654 habet
393 4584 504 4680 signat.
529 4607 588 4657 nec
614 4578 787 4671 custodes,
807 4578 862 4651 sed
888 4577 921 4650 iit
947 4580 1012 4650 fine

151 4722 216 4776 xtat
244 4702 409 4799 registrum
436 4702 689 4799 quaternionum.
719 4700 844 4794 Paginae
868 4720 935 4769 non
961 4695 1011 4768 di·

767 4817 825 4887 Aa
842 4810 861 4904 ij

477 4929 488 4967 t
