2925 6525
325 1427 422 1501 AD
472 1428 741 1504 ANNUM
795 1425 898 1519 1480.
1026 1454 1073 1527 79

250 1622 299 1692 Ex
311 1621 492 1694 charactere
502 1644 568 1719 quo
578 1618 690 1695 Z‘cllius
700 1648 772 1696 usus
781 1642 846 1716 est,
860 1647 947 1696 anno
963 1647 1074 1721 1473,

200 1765 260 1830 pro
278 1740 403 1809 Roberti
420 1742 456 1809 de
467 1741 548 1811 Litio
564 1744 759 1814 sermonibus.

254 1874 413 1946 Columna
422 1875 525 1970 prima
541 1901 581 1947 ex
597 1896 638 1974 35
658 1874 770 1964 lineis,
786 1894 818 1946 et
833 1877 939 1948 ultima
954 1903 995 1948 ex
1019 1903 1073 1971 19.

252 1989 484 2063 Desiderantur
508 1992 659 2080 numeri,
680 1990 842 2086 signaturae
865 2013 896 2064 et
919 1993 1075 2068 custodes.

252 2109 346 2204 Opus
367 2107 516 2181 dividitur
540 2109 574 2178 in
604 2129 670 2208 275
699 2108 857 2204 capitula;
878 2129 910 2181 et
932 2110 1006 2182 licit
1026 2137 1075 2184 se-
1166 2139 1175 2151 ·

204 2223 302 2324 quens
319 2240 467 2298 numerus
484 2225 601 2298 eodem
618 2225 754 2322 gaudeat
769 2226 884 2316 titulo,
901 2230 971 2298 t'oto
988 2229 1078 2301 coelo

201 2342 362 2416 differunt.

155 2584 185 2669 7
215 2556 460 2668 Opusculum
490 2555 541 2642 de
567 2554 748 2644 laudibus
779 2561 908 2643 Beatae
937 2560 1077 2644 Mariae
1144 2546 1318 2662 W*

215 2689 410 2804 Virginis.
435 2687 601 2777 ln·fol.
630 2690 825 2777 Maxim0.
852 2721 907 2774 m.
934 2722 966 2775 r.
1027 2744 1028 2747 κ
1161 2701 1203 2757 A
1239 2654 1294 2834 Q

1141 2762 1233 2858 ᾗ,
1287 2808 1310 2825 ,.

255 2875 349 2991 Opus
375 2895 472 2991 plane
501 2896 702 2968 diversuma
734 2895 983 2992 praecedentibus
1013 2898 1079 2969 edi·

208 3013 354 3086 tionibus.
378 3012 542 3084 Dividitur
564 3013 596 3084 in
624 3037 666 3083 12
693 3015 821 3100 libros,
847 3033 878 3084 et
901 3020 1079 3086 accuratam

206 3130 451 3226 descriptionem
471 3131 596 3202 exhibet
617 3130 759 3202 Placidus
779 3131 906 3220 Braun,
924 3157 995 3227 pag.
1024 3153 1078 3231 15.

226 3286 232 3299 '
256 3268 344 3359 Quia
370 3266 471 3363 reipsd
496 3268 608 3339 librum
635 3268 694 3337 sub
724 3268 788 3337 hoe
816 3268 905 3338 titulo
938 3269 1081 3364 vulgavit

209 3384 377 3474 Albertus,
391 3382 464 3455 ided
476 3384 560 3455 hunc
575 3384 631 3478 ipsi
644 3382 835 3477 adscripsere
851 3387 1004 3458 nonnulli.
1018 3386 1082 3458 Sed

209 3502 355 3597 permulti
375 3521 491 3597 negant
511 3501 604 3571 fuisse
627 3524 811 3595 germanum
833 3501 952 3572 Alberti
972 3504 1083 3575 fetum.

209 3620 285 3693 Vid.
301 3620 500 3709 Fabricium,
519 3621 595 3689 libro
604 3620 708 3709 primo
720 3670 733 3705 ,
744 3644 818 3714 pag.
836 3621 908 3708 46,
928 3623 998 3694 edit.
1017 3621 1082 3688 Pa-

208 3742 321 3809 tauino
354 3757 469 3835 17543
491 3753 524 3807 et
547 3732 722 3806 Laudatum
752 3733 914 3806 Placidum
944 3737 1081 3824 Braun,

210 3855 267 3951 qui
286 3854 369 3925 hanc
389 3854 560 3925 editionem
576 3852 671 3923 etiam
688 3851 842 3924 Mantelio
864 3852 1085 3947 Argentinensi

212 3971 326 4043 tribuit.
421 4042 424 4047 .

263 4126 295 4196 Si
310 4126 392 4197 notis
409 4124 623 4221 manuscriptis
641 4123 715 4195 fides
732 4126 875 4197 habenda
894 4122 954 4213 sit,
973 4124 1082 4218 legitur

213 4245 246 4315 in
268 4244 329 4315 fine
349 4270 448 4317 manu
466 4243 644 4314 Miniatoris
667 4242 785 4333 Collrof
805 4242 893 4313 rsit
917 4240 1080 4341 (1474.)

262 4380 357 4453 Aliud
384 4401 489 4452 autem
512 4381 672 4475 exemplar
699 4406 717 4450 a
745 4378 850 4448 Denis
875 4378 1005 4449 relatum
1030 4381 1115 4458 hat-r

213 4499 269 4569 bet
285 4517 395 4568 notam
410 4499 589 4569 manualem
614 4521 716 4591 1473.
731 4494 805 4566 Vid.
822 4518 894 4589 pag.
917 4494 989 4586 484
1006 4499 1088 4585 Sup-

203 4617 350 4708 plonunti
371 4619 564 4687 adunantes
585 4614 766 4704 Mainake,
788 4611 848 4685 ΝΟ.
868 4613 974 4702 4126.
