2925 6525
295 1508 304 1516 .
343 1447 842 1529 suPPLEMENTUM.
982 1459 1055 1551 469

170 1600 317 1700 keprinn
344 1607 508 1701 registrum
543 1605 633 1697 hujus
665 1610 793 1698 libelli,
826 1609 859 1678 in
886 1606 973 1698 cuius
1005 1632 1054 1681 te-

167 1717 263 1813 gistri
308 1723 418 1793 medio
462 1743 571 1793 extant
627 1725 756 1819 insignia
808 1724 1055 1823 Typographica

165 1836 255 1908 Sixti
280 1837 452 1934 Russinger
476 1840 677 1933 Neapolitani
702 1840 936 1937 Typographi,
954 1844 1055 1937 qualia

164 1953 261 2046 apud
283 1953 475 2050 Audiffredy
499 1955 598 2050 figurb
625 1957 736 2052 quarti
760 1958 855 2028 incisa
877 1976 960 2027 sunt.
988 1958 1056 2055 Sy-

164 2070 322 2141 hillarum
349 2073 454 2141 insunt
484 2072 590 2166 ligurae
623 2096 665 2141 12
699 2073 786 2165 ligno
816 2072 948 2161 incisae,
976 2074 1056 2145 sicut

163 2185 291 2256 Probae
318 2186 489 2259 Centonae.
523 2188 649 2258 Litterae
682 2189 865 2282 principales
896 2189 1055 2283 eleganter

168 2303 271 2373 etiarn
297 2302 415 2375 incisae.
1008 2369 1013 2376 .

221 2418 401 2490 Charactet
426 2419 468 2490 ita
489 2421 614 2515 elegans
627 2439 686 2491 est
711 2435 747 2490 ut
774 2420 905 2492 fateatur
927 2420 964 2490 P.
988 2421 1061 2492 tw

172 2534 313 2636 diffredy
348 2535 423 2604 nihil
458 2536 616 2629 pulchrius
650 2535 800 2630 prodiisse
831 2535 976 2625 Romae,
1001 2536 1055 2607 ubi

175 2651 259 2723 inter
289 2651 386 2722 libros
418 2651 472 2746 qui
500 2651 542 2722 ibi
573 2651 744 2745 prodiere,
773 2652 812 2721 ab
843 2655 911 2747 ipso
942 2677 1055 2723 recen-

180 2787 262 2838 setur
294 2791 366 2866 pag.
391 2788 455 2866 353
478 2819 489 2855 ,
516 2785 549 2838 et
568 2768 710 2838 tribuitur
740 2767 828 2839 Sixto
856 2788 888 2838 et
909 2768 1055 2862 Georgio

182 2882 352 2952 Alemanis.
380 2882 443 2953 Sed
470 2883 621 2980 quidquid
643 2885 681 2954 sit
705 2884 745 2955 de
768 2885 860 2980 ipsius
883 2886 1053 2955 assertione

185 2998 285 3093 quoad
301 2999 371 3070 haec
390 2999 519 3093 insignia
535 3000 627 3094 suprb
643 2999 747 3086 dicta,
768 3024 827 3094 pro
843 3018 932 3070 certo
948 2999 1053 3069 habeo
1220 3081 1223 3088 Ι

189 3137 247 3184 non
264 3115 381 3186 Rornae
403 3114 459 3187 sed
477 3115 615 3211 Neapoli
631 3114 801 3209 prodiisse,
818 3113 865 3184 his
886 3113 979 3186 fultus
1000 3137 1054 3184 ra-

189 3229 338 3304 tionibus:
1188 3228 1191 3238 ’

232 3364 277 3420 1⁰.
301 3348 390 3439 Quia
409 3348 493 3419 circa
511 3366 605 3443 caput
626 3349 732 3444 figurae
753 3346 884 3443 insignia
902 3347 1054 3418 exhiben-

191 3462 239 3551 tis,
260 3467 405 3561 leguntur
432 3484 567 3559 quatuor
586 3464 695 3535 litterae
722 3464 755 3534 S.
779 3463 821 3537 R.
841 3462 889 3536 D.
912 3466 955 3536 A.
982 3489 1055 3559 quae

192 3580 352 3675 significant
373 3584 499 3649 Sixtum
526 3581 695 3676 Russinger
717 3583 753 3649 de
777 3582 976 3675 Argentini,
1001 3579 1055 3676 qui

192 3697 281 3792 reipsl
300 3698 441 3791 Neapoli
462 3697 671 3791 imprimebat.

176 3865 179 3874 .
231 3831 279 3886 2⁰.
310 3813 399 3904 Quia
430 3812 532 3883 Sixtus
563 3813 614 3883 ille
643 3812 811 3905 Russinger
839 3834 923 3880 anno
962 3808 1055 3901 1478

191 3932 263 4025 typis
287 3931 349 4001 suis
375 3928 460 4000 dedit
481 3931 679 3999 r‘lPhilocolo
699 3932 730 3997 di
753 3928 922 4016 Boccacio,
948 3923 1054 4022 (vide

191 4045 223 4115 ad
248 4048 334 4117 hunc
359 4070 476 4116 annum
490 4046 524 4137 ,l
552 4046 585 4113 in
610 4041 698 4130 cujus
726 4044 788 4113 fine
811 4061 917 4115 extant
943 4040 1054 4114 eadem

191 4160 313 4259 insignia
333 4163 517 4258 eaedemque
536 4160 655 4233 litterae.

233 4317 282 4394 3⁰.
313 4299 402 4389 Quia
432 4300 464 4366 in
494 4294 544 4366 illl
573 4295 720 4366 Boceacii
755 4291 853 4388 operb
886 4293 1055 4364 innurnerae

189 4415 276 4485 etiam
298 4434 369 4483 sunt
391 4414 495 4506 figurae
518 4413 607 4506 ligno
631 4411 757 4499 incisae,
778 4410 820 4480 ad
841 4408 972 4479 modurn
993 4408 1055 4503 Sy-

189 4530 355 4614 billarum3
376 4546 408 4599 et
433 4528 593 4599 character
616 4527 720 4596 tninor
743 4525 870 4622 quidem
892 4542 969 4611 est,
997 4520 1054 4592 sed

190 4644 327 4743 ejusdem
349 4643 521 4740 elegantiae.
548 4641 631 4734 Quis
661 4642 718 4717 scit
742 4642 767 4715 si
795 4640 962 4733 Russinger
987 4638 1054 4732 ipse

701 4780 705 4792 ¹
801 4756 863 4852 Gg
878 4751 908 4848 iij
