2925 6525
1257 1222 1265 1235 ι

1177 1342 1184 1368 Ι

187 1579 189 1583 -
301 1526 393 1604 ΑΙ)
444 1535 712 1610 ANNUM
767 1544 907 1653 1460!
996 1569 1038 1637 19

163 1670 287 1758 Fausti,
306 1692 337 1742 et
358 1673 479 1744 alterius
514 1672 652 1761 eiusdem
676 1677 850 1767 Mantelii,
876 1697 971 1774 quam
1002 1706 1038 1752 se

135 1837 137 1842 ·
165 1788 279 1860 vidisse
296 1809 423 1862 testatur
436 1792 565 1863 Motelli
581 1794 613 1861 in
628 1788 798 1866 Pinelliano
819 1794 931 1868 indice.
951 1798 1037 1869 Cum

165 1905 244 1977 folio
254 1909 345 1978 tertio
358 1928 448 1980 recto
458 1909 565 2005 incipit
576 1927 678 1980 textus
689 1911 741 2006 qui
753 1931 840 1982 tecto
851 1933 924 1983 cutn
938 1912 1037 2004 folio,

164 2045 195 2093 et
220 2022 301 2093 linei
324 2049 394 2120 39,
416 2027 460 2098 sic
484 2025 621 2096 desinit:
648 2030 770 2117 explicit
790 2028 851 2118 ᾆνθ
869 2033 904 2098 de
927 2032 1038 2101 doccia

161 2141 272 2231 xfiana
291 2145 356 2212 b‘ti
382 2146 523 2239 Augusti
548 2147 609 2235 Epi.
639 2143 730 2232 Folio
759 2140 872 2214 deinde
897 2151 1037 2242 sequenti

161 2259 269 2355 incipit
286 2261 414 2351 tabula,
431 2285 486 2332 seu
502 2255 597 2331 index
613 2259 847 2355 alphabeticus,
866 2285 905 2331 ex
918 2281 1037 2359 septem

161 2378 280 2472 paginis
300 2399 332 2449 et
351 2397 473 2476 septem
491 2378 600 2468 lineis,
617 2378 728 2473 quibus
746 2379 927 2451 terminatur
947 2384 1038 2453 volu·

163 2519 266 2582 men,
290 2515 438 2566 constans
460 2521 500 2566 ex
522 2521 563 2568 21
591 2495 684 2566 foliis.

214 2612 338 2682 Frustrd
359 2632 569 2706 quererentur
589 2613 753 2707 signaturae
765 2612 782 2702 ,'
795 2633 847 2686 aut
867 2618 991 2688 numeri
1006 2635 1038 2689 et

169 2726 327 2824 custodes.

215 2843 273 2917 De
289 2847 353 2915 hoc
372 2841 486 2916 videsis
504 2833 702 2940 fuselpinettt
718 2848 853 2942 catalog.
872 2848 932 2919 ΝΟ.
952 2866 1037 2942 539,

164 2983 196 3037 et
221 2964 336 3038 Placid.
361 2966 492 3054 Braun,
512 2993 588 3062 pag.
613 2989 630 3060 3
658 2988 689 3035 et
710 2989 735 3057 4
770 2969 873 3036 notitia
897 2966 1039 3038 historicd

163 3084 329 3155 litterariae
339 3085 606 3154 delibrisabartis
618 3085 1036 3180 typographicaeinuentione,

162 3215 255 3294 usquc
270 3204 316 3271 ad
327 3227 405 3273 ann.
427 3199 543 3295 1478,
560 3205 714 3293 impressis
730 3206 784 3295 qui
804 3225 912 3273 extant
926 3206 961 3272 in
971 3200 1036 3272 Bt«

161 3322 265 3392 bliotlz.
287 3323 462 3389 monasterii
478 3323 662 3389 Sanctorum
682 3320 823 3389 Udalrici
839 3338 866 3388 et
882 3317 979 3417 Affiae
1001 3324 1035 3389 in

161 3439 316 3535 Augustei.
339 3440 434 3529 Impr.
456 3439 602 3533 Augnestae
626 3435 744 3528 1738,
765 3438 869 3526 in·4⁰.

211 3576 248 3644 ln
273 3574 391 3646 diurnis
412 3572 638 3662 Trivultianis,
660 3574 756 3643 abbas
779 3573 823 3644 St.
846 3573 946 3671 Leges
964 3569 1034 3645 fusd

161 3687 324 3788 descripsit
351 3691 443 3764 aliam
465 3689 497 3762 Ji
517 3692 619 3762 Fausti
650 3711 682 3761 et
711 3690 893 3761 Schoifheti
920 3691 1036 3762 editio-

160 3836 238 3881 nem
261 3809 484 3906 Moguntinam
513 3806 653 3899 ejusdem
677 3808 844 3903 opusculi,
868 3831 938 3903 quae
963 3827 1035 3876 anre

160 3927 282 3998 initium
303 3927 376 3997 anni
403 3926 493 4016 1468
514 3926 665 4021 prodiisse
685 3947 850 3994 necessum
869 3943 938 4009 est,
961 3924 1033 3992 cinn

159 4063 237 4116 tunc
260 4069 278 4113 e
297 4044 377 4113 vivis
395 4043 560 4116 excessisse
577 4045 723 4111 Faustum
746 4056 878 4109 constet.
902 4039 1035 4111 Extabat
1147 4014 1155 4032 ,

160 4164 232 4232 hace
245 4161 328 4257 apud
338 4162 367 4231 la
379 4163 538 4249 valuere,
555 4160 617 4231 N0.
633 4182 722 4251 477,
733 4175 766 4227 et
776 4174 860 4229 extat
872 4156 990 4229 Parisiis
1002 4160 1033 4229 in

161 4280 311 4351 Biblioth.
332 4275 628 4351 San-Genovefand.
648 4276 823 4373 Utramque
843 4263 921 4347 vetd
942 4259 1034 4347 refert

164 4393 300 4488 Denis,
329 4402 438 4491 Suppl.
469 4399 609 4485 Maien,
637 4394 701 4464 Ne.
734 4392 825 4483 4281
863 4409 894 4466 et
927 4393 1032 4485 4282.

162 4517 328 4607 Quaerenti
344 4535 486 4587 autema
510 4540 562 4584 me
585 4532 729 4609 quaenam
749 4513 877 4583 alteram
896 4536 1031 4607 praeces-¹

162 4635 237 4706 serit
258 4654 312 4704 aut
335 4631 436 4705 fausti
453 4654 505 4705 aut
523 4629 687 4720 Mantelii,
704 4653 764 4727 pto
784 4617 892 4704 ultimi
914 4633 1032 4726 allega·¹

163 4777 231 4823 tem
248 4753 598 4852 sequentiamontenta.

650 4881 657 4898 ·
824 4864 886 4953 Bij
