2925 6525
572 1497 1712 1598 ADANNUM14703
1953 1527 2048 1601 37

325 1712 336 1725 ‚
399 1634 806 1707 Terminatur
860 1636 1166 1709 volumen
1216 1637 1471 1732 registro
1534 1637 2047 1735 quinternionmn

227 1822 256 1865 Ἷ,
295 1752 485 1849 quod
549 1771 880 1850 utramque
954 1749 1247 1849 paginam
1306 1773 1594 1851 occupat.
1657 1753 1854 1827 Tituli
1920 1756 2049 1827 im·

293 1869 651 1965 primuntur
671 1921 695 1958 ,
741 1886 915 1940 caret
949 1868 1168 1964 signat.
1194 1921 1219 1958 ,
1260 1872 1529 1941 numeris
1570 1890 1643 1967 et⁴
1679 1870 1923 1945 custod.

398 1985 650 2081 Paginae
708 1986 941 2056 habent
1009 1987 1102 2080 3⁶.
1162 1986 1358 2056 lineas
1392 2037 1419 2075 ,
1477 2005 1541 2058 et
1597 2006 1841 2059 constat
1902 2000 2036 2090 275

295 2100 523 2188 foliis;
578 2102 900 2175 character
951 2119 1044 2172 est
1096 2126 1396 2178 romanus
1430 2152 1455 2191 ,
1507 2099 1617 2172 sed
1661 2121 1791 2173 tam
1825 2105 2042 2198 rudis,
2138 2110 2145 2116 ’

293 2237 616 2314 tantaeque-
648 2219 714 2288 in
749 2218 924 2289 lineis
965 2217 1343 2315 obliquitatis
1368 2270 1392 2305 ,
1439 2236 1514 2288 ut-
1549 2215 1649 2288 ad·
1685 2218 1828 2288 artis
1869 2222 2046 2313 prin-

215 2404 230 2414 ,
293 2335 459 2430 cipia
496 2333 663 2430 apud
704 2334 891 2407 Italos
945 2334 1143 2430 possit
1187 2352 1251 2405 et
1308 2331 1539 2405 debeat
1589 2334 1876 2405 revocari
1907 2388 1931 2425 ,
1984 2355 2051 2408 et

292 2443 587 2548 princeps
631 2448 823 2546 editio
873 2451 1188 2547 appellari.
1236 2447 1447 2521 Editio
1495 2450 1635 2522 haec
1679 2451 1809 2522 huc·
1847 2476 2046 2548 usque

210 2599 216 2647 ,ι
299 2566 520 2662 ignota
556 2566 894 2657 remansit,
938 2565 1115 2663 quod
1157 2566 1371 2640 sciam.

210 2780 315 2863 28
376 2780 636 2863 Marci
682 2775 936 2863 Tullii
975 2780 1395 2864 Ciceronis
1427 2777 1527 2864 de
1568 2779 1859 2867 finibus
1895 2781 2048 2868 bo-

315 2937 607 2995 norum
660 2935 738 2993 et
796 2907 1235 3019 malorum,
1288 2908 1473 2994 libri
1515 2937 1597 2993 v.
1637 2915 1894 3025 1n-40.
1944 2944 2049 3000 m.

314 3037 592 3127 violet.

391 3210 643 3306 Paginae
692 3209 945 3308 integrae
967 3184 1126 3283 ’sunt
1165 3234 1253 3305 27
1292 3211 1596 3285 linearum
1620 3263 1644 3303 ,
1674 3211 1888 3285 ultima
1928 3227 2049 3310 25.‘

295 3325 568 3399 Debure
590 3381 615 3418 ,
659 3329 1128 3425 bibliographiae
1176 3330 1298 3403 ΝΟ.
1348 3328 1534 3427 2438
1558 3383 1584 3419 ,
1627 3354 1768 3401 eam
1806 3328 2045 3403 descri-

293 3445 389 3515 bit
410 3497 434 3532 ,
482 3472 557 3517 ac
614 3444 903 3516 adscribit
947 3445 1417 3543 Schoyfher03
1464 3446 1580 3517 sed
1629 3448 1945 3543 catalogus
1984 3449 2048 3520 la

247 3587 266 3599 ·
298 3561 581 3633 Vallie'ere
620 3615 644 3650 ,
704 3562 827 3635 ΝΟ.
895 3561 1079 3661 2258
1116 3616 1143 3652 ,
1202 3545 1408 3635 Zelllo
1483 3589 1625 3635 eam
1694 3563 1981 3637 adscribit
2018 3615 2047 3656 ‚

295 3679 742 3769 circaannum
800 3682 1005 3773 1467.

398 3796 735 3891 Exemplar
759 3796 1010 3893 elegans
1040 3794 1325 3870 editionis
1351 3797 1567 3893 primae
1597 3797 1778 3889 hujus
1810 3798 2048 3894 operis.'

210 4013 316 4097 29
376 3989 422 4077 J
429 3994 711 4074 oannis
753 3990 852 4075 de
890 3986 1182 4075 fabrica
1223 4014 1596 4077 tractatus
1634 4018 1868 4100 super
1909 3988 2050 4073 de·

316 4118 748 4205 claratione
793 4118 1460 4233 indulgentiarum
1495 4147 2046 4241 concessarum

313 4280 467 4362 pro
518 4253 923 4340 animabus
967 4259 1053 4340 in
1091 4259 1593 4370 purgatorio.
1648 4250 2057 4369 (Mogutza

313 4386 438 4466 tiae
480 4445 507 4486 ‚
561 4383 756 4468 Fusc
808 4414 883 4470 et
930 4384 1328 4505 Schoffir.
1381 4385 1417 4496 )
1481 4384 1763 4471 In-fol.

393 4569 663 4644 Constat
693 4598 801 4645 sex
824 4573 988 4645 foliis
1009 4600 1035 4661 ;
1080 4576 1297 4645 ultima
1316 4576 1544 4669 pagina
1568 4573 1927 4646 terminatur
1947 4576 2051 4645 fo-

295 4687 385 4768 lio
425 4714 617 4763 verso
636 4717 864 4793 ,rcum
908 4715 1000 4787 27
1044 4689 1219 4764 lineis
1245 4743 1268 4784 ‚
1319 4711 1563 4767 caeterae
1603 4690 1765 4761 vero
1796 4718 1884 4763 ex
1927 4715 2049 4789 43.

1591 4826 1653 4900 C
1693 4826 1749 4916 iij
