2925 6525
352 1510 848 1593 sonnttttrnrunt
986 1528 1062 1619 '473
1193 1503 1195 1508 ’

197 1689 260 1776 Pii
297 1691 404 1804 Pape
441 1697 491 1778 II
528 1693 579 1779 de
619 1691 839 1780 Curialium
878 1690 1034 1777 miseri&

239 1882 278 1950 In
297 1880 360 1950 fine
382 1880 513 1977 legitur:
537 1884 652 1952 libellus
678 1883 763 1952 Erret
783 1883 875 1952 Silvii
894 1885 930 1951 de
951 1881 1069 1977 Curia-'f
1135 1953 1137 1957 ,

189 2000 266 2066 lium
298 2001 425 2067 miseriis
450 1999 529 2088 finit
562 2023 649 2068 anno
681 2001 791 2068 salutis
829 1998 879 2072 M.
911 1995 1064 2068 CCCC

194 2112 375 2204 LXXV,
399 2139 440 2185 ex
466 2138 510 2186 22
534 2115 626 2189 foliis.
1053 2128 1055 2132 “

156 2325 289 2438 Incipit
315 2337 540 2440 sompnium
569 2331 680 2415 Enee
704 2326 815 2418 silvii
838 2354 956 2444 poete
973 2327 1062 2427 ‘laus
1204 2322 1207 2327 ⁴

197 2464 294 2542 reati
318 2459 368 2545 de
392 2462 566 2550 fortuna.

236 2647 287 2718 Ex
313 2671 357 2720 10
378 2649 507 2746 plagulis

149 2841 261 2927 Lucii
289 2843 437 2928 Annaei
471 2846 621 2931 Sencce
658 2845 932 2933 Cordubensis
963 2842 1064 2928 liber

198 2971 250 3058 de
273 2976 450 3062 moribus
479 2983 522 3060 in
547 3005 630 3090 quo
655 2976 884 3063 notabiliter
911 3000 952 3059 et
980 2972 1060 3057 ele·

200 3131 343 3222 gancer
370 3111 450 3191 vite
482 3136 612 3194 mores
641 3134 809 3193 enarrat.

239 3294 290 3365 Ex
309 3296 405 3367 tribus
424 3253 563 3397 plagulir.

239 3466 324 3539 Duo
349 3470 468 3563 priores
490 3488 636 3542 tractatus
658 3496 698 3540 ex
718 3494 786 3541 uno
806 3459 970 3541 eteoclem
986 3466 1065 3538 cha·

193 3605 336 3672 caetere,
359 3604 391 3657 et
412 3587 518 3660 tertius
548 3610 588 3657 ex
612 3587 793 3660 charactere
819 3585 996 3661 Schurener
1022 3582 1064 3653 cle

193 3700 374 3795 Bopardia,
396 3702 475 3773 sicut
495 3721 528 3774 et
547 3727 693 3799 sequens.
1059 3711 1062 3719 ’

241 3836 299 3907 His
321 3838 415 3908 etiam
441 3838 565 3909 unitur:

149 4033 212 4115 Pii
236 4034 276 4113 II
298 4024 508 4119 Pontificio
526 4038 686 4149 maxinni
710 4032 760 4120 de
787 4038 973 4145 captione
993 4048 1067 4116 ur·i

203 4162 264 4244 bis
290 4164 713 4276 Cosrantinopolitane
743 4162 941 4250 tractatul⁹
962 4166 1064 4247 inci·

195 4295 246 4377 In
259 4339 283 4355 -
296 4313 361 4404 40.

243 4480 380 4551 Constat
396 4505 419 4572 4
435 4481 527 4555 foliis.
544 4482 700 4555 Ultimum
718 4481 798 4555 folio
814 4502 902 4555 recto
918 4479 1064 4555 terminati

199 4615 248 4671 tur
263 4597 312 4666 his
327 4599 429 4669 verbis
446 4600 648 4695 capitalibus:
665 4601 731 4668 ET
743 4602 816 4669 SIC
831 4601 921 4671 EST
931 4599 1065 4671 FINIS.

196 4712 312 4815 Pagina
336 4716 403 4789 haec
426 4717 533 4790 ultima
555 4717 650 4790 habet
679 4741 718 4788 21
747 4717 852 4791 lineas.
