2925 6525
420 1067 498 1142 474
646 1038 1122 1117 supuiuuuuwtu

514 1179 689 1252 Chmcter
707 1179 831 1251 videtur
851 1179 1007 1276 pertinere
1024 1178 1068 1250 ad
1088 1179 1261 1276 Gensbag
1277 1178 1347 1250 Ro·

468 1323 598 1369 manum
614 1296 884 1394 Typographum.
905 1294 1059 1367 Tractavi
1077 1294 1163 1366 idem
1186 1321 1270 1390 opus
1286 1294 1346 1366 Pa-

467 1415 539 1486 duae
561 1440 602 1486 ex
628 1413 702 1487 edit.
725 1413 841 1485 in-foi
868 1415 966 1505 Impr.
992 1414 1101 1485 Roma
1130 1437 1221 1482 anno
1256 1430 1342 1507 1475

466 1534 599 1603 11le
622 1534 825 1626 Septembris,
846 1529 936 1621 cnjus
962 1529 1125 1601 character
1152 1528 1233 1600 mihi
1263 1529 1347 1599 visus

330 1750 336 1757 .
469 1668 517 1721 est
540 1649 696 1745 pertinere
716 1649 757 1720 ad
780 1648 968 1722 Schutener.

640 1821 748 1907 Libn'
774 1819 842 1905 sub
868 1853 969 1905 anno
1001 1822 1125 1931 1478.

213 2011 444 2135 ι5,ῗ”’”“ι
478 2012 689 2097 Sermones
725 2005 924 2118 Discipuli
962 2004 1121 2114 (Joan.
1156 2002 1347 2117 Herold)

201 2163 339 2304 Μ(
374 2280 382 2298 .
475 2139 527 2226 de
552 2167 729 2294 tesnpore
754 2168 825 2250 per
849 2134 1041 2223 circulum
1064 2141 1178 2225 anni.
1204 2134 1348 2222 ln-fol.

477 2274 602 2358 Tomi
626 2270 737 2382 duo,
764 2297 818 2354 m.
842 2299 876 2352 r.

513 2443 551 2512 in
569 2443 633 2513 fine
653 2441 787 2538 legitur:
808 2465 958 2510 sermones
976 2441 1136 2531 Discipud
1161 2441 1198 2508 de
1219 2459 1350 2530 tmpore

466 2562 603 2652 impressi
623 2560 746 2627 colonie
765 2582 853 2626 anno
872 2583 894 2625 a
916 2559 1074 2627 nativitas
1097 2555 1157 2624 :fii
1185 2557 1351 2625 millesimo

466 2679 760 2771 quadingmtesimo
781 2676 997 2769 sepmagtsimo
1020 2695 1127 2743 octavo
1147 2675 1195 2740 cde
1217 2673 1349 2743 Veneris

464 2796 577 2861 utensis
598 2795 687 2881 Μαί]
706 2817 815 2862 octava
824 2795 949 2883 finium
960 2791 1100 2882 feliciter.
1121 2793 1196 2860 Deo
1209 2793 1348 2885 grdaits.

134 2926 139 2934 ·
291 2946 299 2961 ·
335 2973 342 2982 ,
463 2906 506 2976 Et
526 2906 626 2974 statim
646 2905 810 2976 subditur:
828 2911 965 2998 sequitur
981 2911 1105 2979 ulterius
1124 2930 1248 2975 comune
1265 2909 1349 2974 Sto·

463 3047 533 3092 rum
553 3022 684 3106 eiusdem
704 3024 865 3114 Discipuli
876 3048 889 3109 3
916 3041 948 3094 et
969 3026 1087 3120 primus
1112 3047 1218 3094 sermo
1239 3041 1289 3093 est
1309 3027 1350 3093 de

464 3141 667 3235 sufflatione,
690 3140 744 3236 qui
766 3159 813 3210 est
834 3165 940 3212 sermo
968 3165 1061 3236 137,
1083 3143 1114 3210 in
1137 3139 1249 3211 ordine
1271 3143 1348 3211 uni·

463 3282 641 3329 versorum.
668 3257 704 3327 ln
729 3258 792 3328 fine
813 3255 906 3346 hujus
935 3259 1029 3354 partis
1057 3257 1177 3330 ultimae
1203 3257 1347 3353 legitur,

460 3373 613 3447 coiumni
633 3373 771 3445 secundi
794 3374 862 3444 folii
884 3377 960 3446 recti
974 3402 984 3445 τ
992 3377 1075 3465 fiais
1093 3384 1242 3445 sermons?
1258 3377 1347 3444 Dis-

460 3495 553 3582 cipuli
573 3495 607 3560 de
632 3514 760 3582 tempore
786 3517 853 3559 cum
881 3491 1012 3580 ejusdcm
1042 3493 1158 3587 legendi
1184 3494 1266 3562 breui
1294 3494 1347 3560 iu·

453 3605 643 3697 formatione
661 3606 769 3697 felix:
789 3609 862 3677 Deo
880 3612 1008 3703 gratias.

510 3724 545 3794 ln
582 3725 645 3794 hoc
680 3724 894 3794 desiderantur
933 3725 1137 3818 signatum,
1174 3721 1233 3793 sed
1272 3745 1346 3798 sunt

460 3841 619 3914 custodes.
637 3840 807 3914 Columnae
830 3842 946 3911 habent
966 3842 1011 3936 36
1033 3841 1131 3911 lineas
1150 3859 1182 3910 et
1203 3844 1346 3935 praemit-

459 3959 533 4031 titur
555 3959 648 4030 index
673 3983 718 4056 39
740 3960 901 4031 foliorum.
926 3958 1104 4030 Chatacter
1125 3958 1203 4030 vetd
1226 3980 1274 4029 est
1290 3961 1345 4029 iiie

460 4103 527 4173 quo
556 4079 699 4149 utebatur
733 4102 792 4171 pro
826 4080 862 4147 de
894 4078 975 4146 Litio
1003 4080 1083 4146 anni
1124 4099 1211 4170 1473
1253 4076 1344 4146 Ulric

460 4194 587 4266 Zellius.
612 4194 647 4264 In
667 4194 744 4265 duas
763 4214 869 4291 partes
891 4195 1046 4267 volumen
1068 4192 1228 4265 divisimus
1245 4216 1344 4290 prop·

459 4329 510 4383 tet
531 4313 653 4384 molem
676 4311 781 4407 ipsius.
