2925 6525
291 1502 861 1607 ADANNUM14700
987 1531 1026 1615 51
1151 1562 1154 1576 .

107 1698 113 1745 ·,
158 1668 234 1768 gina
258 1684 299 1740 1².
325 1662 420 1739 habet
445 1671 490 1738 26
514 1667 635 1753 lineas;
658 1668 817 1740 character
843 1688 890 1740 est
918 1669 1031 1742 Zellii:

161 1805 288 1858 constat
314 1810 353 1881 3¹
380 1785 474 1857 foliis.
498 1783 573 1854 Vid.
594 1775 719 1875 Denis,
739 1786 801 1858 No.
825 1790 888 1881 603
897 1811 929 1875 4.

104 2021 171 2112 54
198 1998 378 2083 Terentii
404 1994 610 2082 Comediae
636 2023 719 2081 sex.
745 1997 884 2083 Insol.
911 2029 965 2084 m.
989 2030 1029 2086 v.
1091 1975 1310 2101 1563*

205 2201 256 2277 Sic
276 2205 383 2300 incipit
405 2205 558 2275 v'olutnen
580 2204 660 2279 folio
678 2222 791 2275 recto:
1080 2146 1211 2286 [[ἷιβίκ
1245 2245 1247 2250 .

145 2386 261 2473 Publii
285 2385 415 2453 Terentii
444 2380 532 2480 Affri
560 2405 646 2474 poete
675 2381 821 2472 Comici,
850 2377 1032 2458 Contestani

206 2503 281 2571 oso
300 2504 405 2593 ncipit
417 2486 554 2589 fioous.

597 2617 799 2707 Epitaphium
830 2617 959 2690 Terentii

158 2734 267 2803 Nauis
283 2734 318 2802 ire
339 2737 461 2804 excelsis
478 2728 545 2804 dcc.
573 2785 582 2804 .
608 2783 618 2802 .

146 2942 150 2948 ,
157 2910 605 2940 .............
615 2869 667 2937 Sic
690 2890 771 2958 puoo
804 2893 914 2940 murus
942 2873 1004 2946 erit.

155 2998 367 3080 argumentum
394 2985 525 3056 Andria

204 3138 407 3210 Terminatur
434 3137 513 3210 verd
536 3135 615 3209 folio
645 3157 740 3210 verso
770 3137 843 3213 sict
874 3139 977 3213 Valere
1000 3158 1029 3214 et

128 3259 310 3350 plaudite,
330 3258 486 3347 canopus
507 3258 649 3345 recensui.

205 3376 309 3444 Publii
330 3375 462 3443 Terentii
481 3365 568 3469 Affli
583 3396 671 3466 poete
693 3376 807 3444 Comici
825 3378 1026 3460 contediamm

106 3505 110 3512 '
152 3492 230 3560 liber
252 3491 334 3578 finit.

203 3685 245 3754 Et
263 3685 332 3755 haec
350 3684 463 3780 pagina
483 3703 607 3756 constat
627 3704 666 3756 21
691 3680 801 3773 lineis,
824 3686 924 3780 prima
945 3685 1026 3760 verri

153 3821 188 3872 et
218 3822 338 3872 caeterae
371 3826 447 3896 32;
478 3802 690 3894 desiderantur
719 3805 828 3874 litterae
856 3801 1027 3894 majores,

155 3920 303 4005 numeri,
329 3920 475 4014 signatur.
490 3940 522 3991 et
546 3919 701 3992 custodes.
725 3920 800 3992 Hoc
830 3920 939 3991 ordine
966 3921 1027 3991 dis·

156 4055 318 4131 ponuntur
339 4031 507 4108 comoediae
523 4064 533 4108 a
552 4036 695 4126 Andria,
721 4038 916 4125 Eunuchus,
939 4038 1026 4109 Heu-
1063 4067 1067 4074 ¹

156 4170 478 4243 contumerontenos,
499 4153 673 4250 Adelphis,
696 4154 837 4241 Echira,
861 4174 893 4227 et
922 4154 1041 4226 Phor·'

154 4271 249 4359 mi0,
269 4293 343 4343 cum
363 4271 426 4368 qui
445 4273 626 4345 terminatur
645 4274 807 4344 volumen.

204 4444 350 4517 Prosaici:
367 4448 572 4542 imprimitur,
592 4448 710 4544 absque
726 4472 768 4518 eo
788 4442 877 4543 quod
894 4444 926 4516 in
943 4467 1025 4517 mar«

154 4564 228 4659 gine
255 4582 363 4633 notata
387 4564 447 4634 sint
476 4585 619 4638 actorum
645 4565 804 4653 nomina,
826 4562 910 4633 bend
943 4560 1023 4633 veris

152 4679 307 4777 permixta
328 4706 401 4754 cum
421 4701 516 4756 textu.

801 4811 877 4907 nrj
