2925 6525
149 715 1324 1049 w

320 1456 889 1555 ADANNUM1480.
1021 1487 1065 1565 95

243 1594 372 1690 Denis‚
385 1604 485 1692 suppl.
495 1601 614 1690 maim,
625 1596 799 1671 affirmatse
809 1597 954 1691 habuisse
963 1624 1072 1672 exem·

194 1718 265 1811 plat
284 1717 336 1787 cui
352 1741 449 1788 manu
467 1715 649 1810 inscriptum
665 1734 731 1787 erat
750 1718 853 1812 1476.
870 1714 946 1791 Vid.
961 1716 1069 1806 hunc,

194 1832 259 1905 ΝΟ.
281 1831 391 1937 4368.

149 2052 220 2134 30.
248 2025 502 2142 Geographia
546 2025 603 2107 Di
647 2024 873 2110 Francesco
915 2024 1068 2113 Berlin-

200 2159 329 2271 ghieri
351 2156 589 2241 Fiorentino
627 2155 758 2247 divisa
790 2162 834 2240 in
867 2182 931 2239 v11
963 2162 1070 2274 giot·
1334 2253 1342 2266 ,

202 2316 298 2373 nate
327 2294 370 2373 in
394 2289 525 2372 Terza
545 2292 656 2372 rima.
683 2284 826 2374 In-fol.
850 2315 906 2371 m.
927 2293 1017 2374 citr.
1205 2293 1209 2305 '

163 2460 165 2465 ⁵
194 2477 234 2547 ln
259 2476 323 2548 fine
342 2478 477 2575 legitur:
505 2478 648 2569 impresso
679 2478 714 2549 in
744 2479 866 2575 anze
883 2502 942 2570 pet
960 2480 1071 2551 Nicolo
1187 2490 1197 2511 ⁴

200 2594 352 2664 Todescho
373 2598 573 2665 uomendum
595 2620 652 2664 con
675 2616 796 2666 somma
817 2596 971 2692 diligam
993 2600 1071 2668 dello

200 2733 331 2784 auctore.

196 2864 411 2936 Examina
426 2883 599 2938 meins
621 2884 670 2937 m·
692 2884 1047 2940 comitssnssimm

244 3018 474 3092 Praemittuntur
496 3019 572 3090 folia
594 3018 689 3107 du0;
716 3022 852 3117 primum
874 3022 998 3113 habet,
1022 3023 1072 3113 fp-

198 3138 245 3208 lio
268 3158 383 3226 recto,
409 3136 545 3208 indicem
574 3138 740 3233 regionum
769 3140 801 3208 in
829 3138 940 3235 quivis
967 3141 1072 3212 tabuli

197 3253 424 3351 Geographic3
434 3255 621 3327 exstantium
633 3281 646 3343 ⁰,
661 3276 707 3328 est
726 3253 793 3346 ejus
807 3282 926 3348 verso,
940 3259 1073 3352 epistola

197 3375 327 3445 metrica
347 3374 482 3445 auctoris
505 3371 545 3443 ad
568 3373 768 3447 Fredericum
784 3373 916 3446 Ducem
935 3376 1073 3447 Urbina-

197 3508 287 3563 tem:
309 3489 481 3562 secundnm
504 3489 583 3561 νειὸ
609 3490 650 3560 ad
677 3511 767 3562 recto
795 3493 902 3562 album
932 3512 1014 3583 est,
1039 3517 1073 3565 et

198 3606 241 3679 ad
262 3633 357 3679 verso
388 3608 528 3703 legitur:
558 3611 594 3677 in
622 3632 723 3700 questo
744 3613 862 3678 volume
891 3587 921 3679 si
947 3635 1073 3680 conten·

192 3751 280 3822 gono
303 3731 379 3817 septe
402 3728 542 3821 giomatc
562 3729 641 3795 della
661 3727 843 3822 geographia
864 3728 897 3794 di
911 3725 1072 3815 francesco

197 3845 365 3940 Berlingcri
395 3846 572 3913 Fiorentino
608 3847 670 3913 allo
700 3845 905 3915 illustrissimo
933 3846 1073 3940 federigo

198 3962 298 4030 Duca
320 3962 458 4031 diubino.

249 4075 334 4148 Cum
362 4077 441 4149 folio
463 4077 557 4148 tertio
583 4074 690 4172 incipit
714 4076 819 4148 titulus
840 4092 874 4145 et
897 4093 990 4168 caput
1012 4078 1073 4172 pri·

199 4219 290 4264 mum
311 4195 378 4264 libri
402 4194 518 4291 primi3
541 4194 720 4266 terminatur
748 4218 828 4287 opus
849 4217 923 4264 cum
942 4195 1073 4290 registro

197 4312 449 4407 signaturam,
474 4313 508 4382 in
535 4309 624 4400 cujus
650 4312 712 4382 fine
739 4311 851 4405 legitur
878 4312 972 4384 relata
996 4314 1073 4383 sub-

199 4429 338 4522 scriptio.
355 4428 479 4500 Litterae
496 4429 702 4524 principales,
717 4427 797 4500 sicut
808 4446 840 4496 et
852 4426 977 4522 figurae,
995 4456 1073 4501 auro

199 4565 234 4617 et
251 4547 419 4652 coloribus¹
432 4546 568 4616 miniatae
591 4565 686 4633 sunt,
708 4565 741 4616 et
761 4541 887 4638 quidem
905 4547 1073 4641 eleganter.

249 4661 337 4756 Quia
358 4683 464 4734 autem
492 4662 645 4735 volumen
674 4662 738 4734 hoc
772 4660 933 4755 completa
952 4661 1073 4736 difficil-
