2925 6525
211 703 2700 1109 ω-

578 1501 767 1577 ΑῙ)
865 1493 1403 1579 ANNU'M
1511 1508 1715 1598 1460.
1982 1528 2064 1580 21

334 1660 405 1713 ut
444 1663 520 1713 ea
565 1644 883 1715 omisisset
913 1643 1243 1716 Mantelius
1280 1646 1331 1715 si
1370 1642 1719 1716 Faustinum
1752 1646 2072 1740 exemplar

333 1759 701 1831 imitandum
742 1761 855 1832 sibi
892 1761 1339 1857 proposuisset.
1386 1761 1570 1833 Dum
1604 1788 1644 1833 e
1677 1761 1897 1834 contra
1929 1761 2071 1834 haec

332 1874 599 1966 adjicere
609 1897 854 1973 poterat
872 1880 1127 1950 Faustus
1140 1901 1258 1972 pro
1269 1880 1541 1974 plagiarii
1564 1877 2069 1970 vitandainjuriss.

424 2007 528 2085 40.
564 1993 930 2067 Menteliani
954 1996 1168 2067 indicis
1196 1995 1460 2066 consilio
1490 2022 1632 2069 usus
1664 2018 1757 2069 est
1777 2000 2068 2084 Faustus3

330 2110 436 2184 ille
461 2113 764 2209 siquidem
788 2116 896 2210 qui
915 2114 1141 2186 litteras
1164 2113 1457 2209 capitales
1478 2165 1503 2202 ‚
1536 2133 1833 2210 tanquam
1861 2116 2069 2212 signa,

325 2231 521 2302 textui
555 2231 780 2302 mixtas
821 2231 1122 2330 indiderat
1146 2254 1265 2326 pro
1297 2231 1479 2302 bono
1511 2231 1611 2301 sui
1642 2228 1857 2301 indicis
1879 2283 1902 2319 ,
1937 2257 2072 2301 eas-

320 2373 448 2444 que
481 2348 918 2443 permiscendo
951 2328 1030 2419 ‘in
1079 2347 1283 2421 indice
1320 2373 1512 2419 unam
1547 2349 1722 2444 quasi
1749 2343 2074 2422 confusio-

327 2489 477 2536 nem
514 2464 840 2538 induxerat
860 2518 884 2556 ,
917 2466 1296 2561 praemonuit
1320 2462 1382 2534 i'n
1414 2466 1688 2562 prologo
1722 2491 1842 2538 suo
1862 2491 1880 2537 ε
1893 2489 2071 2558 poce-

326 2586 409 2652 rit
438 2586 680 2675 quisque
703 2587 798 2653 cui
823 2562 1062 2674 placuit
1090 2588 1319 2655 litteras
1324 2584 1592 2675 fizciliter
1610 2612 1803 2655 manu
1831 2613 1948 2657 sua
1962 2612 2072 2678 per·

318 2724 597 2791 pennam
625 2704 803 2769 eciam
835 2722 890 2770 et
923 2704 1296 2796 marginibus
1339 2705 1512 2800 nigro
1545 2708 1640 2775 vel
1677 2706 1855 2793 rubro
1884 2709 2074 2774 colore

325 2819 583 2911 signare.
620 2816 817 2908 Quo,
851 2816 1107 2912 inquam
1130 2869 1152 2907 ‚
1185 2819 1452 2890 consilio
1485 2845 1630 2892 usus
1655 2840 1747 2890 est
1773 2822 2027 2892 Faustus
2046 2874 2071 2908 ,

323 2933 390 3003 in
434 2959 564 3030 quo
607 2933 1118 3006 commodiorem
1159 2934 1433 3008 indicem
1477 2937 1848 3031 suppeditat.
1902 2937 2073 3008 Hinc

323 3052 531 3123 astute
584 3053 778 3124 verba
819 3054 958 3122 haec
1005 3076 1084 3122 ex
1139 3076 1259 3124 suo
1316 3056 1555 3125 sustulit
1591 3055 1887 3150 prologo.

429 3181 523 3269 50.
572 3169 846 3242 Aliunde
884 3188 1111 3241 notum
1149 3189 1243 3240 est
1276 3170 1690 3267 Moguntinos
1728 3151 2072 3269 Typogra-‘

318 3289 486 3383 phos
528 3288 696 3383 saepe
748 3283 1006 3360 imitass'e
1056 3313 1130 3359 ac
1176 3290 1459 3384 copiasse
1504 3288 1811 3361 editiones
1865 3290 2064 3361 Man-

322 3406 496 3477 teIii:
537 3407 611 3477 sit
645 3407 708 3475 in
748 3407 1106 3500 exemplum
1143 3407 1335 3477 Pauli
1365 3434 1410 3476 a
1447 3411 1564 3475 Sta
1595 3408 1815 3477 Maria
1846 3411 2066 3477 scruti-

318 3527 494 3593 nium
537 3527 969 3615 scripturarum
1004 3575 1027 3612 ,
1072 3548 1246 3596 anno
1276 3523 1457 3618 1478
1484 3578 1508 3614 ‚
1552 3524 1633 3595 ab
1662 3524 1805 3619 ipsis
1845 3524 2066 3610 edito;

320 3638 497 3728 cujus
527 3642 578 3711 si
607 3641 948 3714 instituatur
977 3642 1365 3738 comparatio
1390 3666 1538 3715 cum
1569 3640 1842 3715 editione
1875 3641 2070 3712 Man-

265 3745 270 3750 ·
315 3759 478 3846 telii,
513 3756 1014 3853 deprehendetur
1034 3760 1213 3829 verbi
1236 3757 1316 3829 ad
1360 3760 1626 3832 verbum
1650 3811 1674 3846 ,
1700 3759 1941 3855 paginae
1987 3756 2068 3826 ad

315 3877 609 3971 paginam
661 3875 936 3970 perfecta
983 3872 1165 3965 hujus
1212 3875 1476 3946 imitatio
1511 3928 1535 3963 ,
1591 3874 1744 3946 ditm
1818 3890 2068 3943 constat

259 3973 263 3977 ⁴
320 3991 571 4065 aliunde
616 3989 745 4081 jam
780 4017 952 4063 anno
1006 4017 1187 4086 1477
1236 3991 1613 4061 Mantelium
1652 3989 1900 4060 obiisse.

418 4104 519 4181 60.
563 4109 946 4180 Manteliana
1004 4106 1212 4178 editio
1269 4125 1519 4177 constat
1578 4127 1658 4176 21
1720 4104 1884 4177 foliis
1916 4157 1942 4192 ,
2002 4125 2067 4177 et

317 4227 560 4321 paginae
598 4227 830 4298 habent
854 4251 946 4322 39
977 4225 1212 4311 lineas;
1239 4223 1389 4295 dum
1418 4249 1494 4294 ea
1516 4224 1716 4296 Fausti
1753 4223 1942 4296 habet
1971 4247 2060 4294 22

318 4344 505 4432 folia,
523 4364 587 4415 et
608 4344 850 4440 paginae
874 4362 1164 4415 constant
1189 4366 1284 4433 40
1305 4342 1478 4412 lineis
1496 4396 1519 4429 ‚
1546 4359 1610 4413 et
1638 4339 1891 4438 quidem
1915 4366 2063 4412 cum
2165 4396 2181 4413 .

279 4519 283 4523 .
321 4462 637 4532 minutiori
681 4462 1041 4568 charactere
1070 4486 1095 4547 ;
1129 4460 1304 4557 quod
1338 4457 1622 4554 procedit
1656 4461 1736 4528 ab
1769 4484 1852 4528 eo
1888 4458 2065 4555 quod

318 4578 577 4667 Faustus
595 4575 886 4667 adiecerit
907 4579 968 4648 in
988 4578 1110 4649 fine
1132 4579 1406 4649 tabulam
1425 4576 1507 4646 de
1526 4576 1715 4646 tribus
1734 4576 2064 4670 generibus

320 4692 570 4769 dicendi
595 4693 666 4768 &
700 4696 887 4767 tribus
909 4694 1234 4792 praecipuis
1268 4693 1560 4790 operibus
1578 4746 1602 4785 ‚
1631 4693 1854 4787 quibus
1878 4689 2065 4762 debet

1628 4809 1678 4878 B
1709 4805 1766 4898 iij
