2925 6525
195 711 1325 1235 Ἣ

482 1534 550 1623 164
630 1530 787 1602 LIBRI
817 1530 886 1602 AB
916 1530 1088 1605 ΑΝΝΟ
1123 1558 1248 1631 1470,
1312 1570 1325 1637 ¹,-

573 1686 696 1757 Verum
720 1684 847 1784 quidem
875 1705 922 1758 est
948 1686 1128 1761 editionem
1152 1692 1242 1765 hanc
1273 1674 1325 1767 ttf'

506 1782 609 1898 'ginas
648 1823 758 1899 totque
801 1806 899 1877 lineas
951 1807 1115 1877 continere
1157 1832 1198 1879 ac
1240 1806 1283 1881 ed
1311 1808 1325 1879 'l

524 1920 716 2017 Schoyffer‚
739 1922 813 1991 anni
834 1920 951 2015 1478,
969 1922 1061 1994 itaut
1082 1948 1147 1994 una
1167 1924 1266 1997 firerit
1281 1926 1325 1999 alt

524 2039 730 2134 apographa3
746 2036 803 2108 sed
819 2040 937 2109 attente
952 2040 1068 2134 legenti
1090 2041 1212 2137 patebit
1231 2068 1325 2140 quam

524 2156 672 2251 paginam
710 2155 857 2226 exhibere
887 2156 1138 2227 abbreviationes
1171 2156 1313 2231 diversas

521 2292 610 2367 patet
624 2274 656 2343 in
676 2273 842 2367 postremis
857 2274 963 2343 verbis
979 2272 1071 2367 supral
1085 2274 1187 2344 relatis
1203 2300 1217 2361 ;
1240 2302 1301 2349 nec
1322 2318 1325 2337 ·

522 2388 630 2461 debuit
657 2414 717 2460 nec
750 2390 853 2484 potuit
880 2388 993 2461 Abbas
1023 2388 1105 2460 Rive
1132 2390 1260 2465 auferre
1288 2392 1325 2465 fo

521 2507 778 2601 subscriptionis,
794 2504 865 2602 (uti
884 2504 1060 2603 gloriatur)
1080 2504 1121 2577 ad
1136 2506 1325 2583 inducendut

521 2648 673 2695 errorem.
693 2624 771 2696 Non
789 2624 919 2713 debuit,
936 2625 1010 2720 quia
1024 2623 1167 2696 dedecet
1191 2627 1299 2699 virum
1317 2654 1325 2723 1

520 2744 598 2815 bum
620 2767 729 2837 parare
753 2741 875 2811 insidias
891 2742 1005 2831 alteri,
1021 2762 1325 2841 monumentumque

522 2859 667 2930 terarium
685 2859 837 2953 spoliare;
849 2881 910 2929 nec
925 2858 1018 2929 etiam
1039 2859 1163 2953 potuit,
1181 2861 1259 2955 quia
1275 2860 1325 2933 aul

519 3002 587 3048 non
606 2994 730 3071 poterat
751 2975 862 3047 folium
886 2975 975 3072 quod
1001 3000 1165 3072 nunquam
1187 2978 1298 3049 extitit.
1316 2976 1325 3047 '.

519 3093 596 3161 mihi
624 3093 710 3164 suere
738 3092 779 3163 ad
807 3118 938 3194 manum
967 3093 1156 3187 exemplaria
1182 3094 1216 3163 in
1248 3096 1325 3167 omri

518 3206 658 3301 perfecte
680 3209 812 3297 similia,
832 3210 862 3279 in
886 3211 996 3306 quibus
1020 3212 1103 3281 nulla
1126 3212 1248 3306 penitits
1270 3230 1325 3285 ext

451 3315 457 3326 ⁸
519 3326 725 3420 subscriptio,
744 3327 832 3423 quod
849 3330 974 3399 solitum
991 3350 1057 3399 erat
1074 3355 1109 3398 ac
1130 3330 1279 3402 familiare
1296 3330 1325 3398 M

519 3443 606 3512 telio.
624 3443 762 3514 Aliunde
776 3445 922 3538 capitales
941 3471 1051 3515 omnes
1070 3466 1139 3516 toro
1152 3447 1233 3517 caelo
1250 3447 1325 3518 differ

522 3562 563 3632 ab
580 3560 637 3629 illis
649 3560 731 3631 Petri
743 3561 942 3659 Schoyfferi;
960 3564 1036 3633 sicut
1054 3563 1111 3632 illae
1131 3567 1254 3659 Virgilii
1267 3565 1325 3636 lal

522 3676 599 3748 lidre
619 3679 659 3748 ab
680 3679 741 3748 istis
758 3678 955 3774 discrepant,
976 3701 1007 3750 et
1021 3681 1098 3751 vere*
1116 3680 1209 3751 iidem
1226 3701 1298 3753 sunt
1316 3705 1325 3751 t

522 3814 656 3867 racteres
673 3797 783 3891 quibus
807 3822 878 3866 usus
901 3817 948 3866 est
965 3797 1131 3868 Mantelius
1149 3813 1216 3891 'pro
1244 3799 1320 3868 libro

518 3918 554 3983 dc
577 3913 714 3983 doctrina⁴
737 3916 850 3983 aetiana*
867 3917 926 3986 Sti.
944 3917 1123 4008 Augustini.
1139 3915 1222 3985 Clun
1235 3915 1321 4010 igitur

519 4029 756 4127 Typographus
778 4056 796 4100 e
815 4031 895 4101 vivis
913 4050 1034 4124 ereptus
1051 4030 1165 4118 fuerit,
1182 4053 1255 4103 aute
1272 4056 1325 4102 aur

524 4147 640 4241 1478,
662 4148 807 4220 concludi
831 4167 936 4242 posset
953 4147 1122 4217 editionem
1147 4149 1228 4220 lianc
1253 4172 1325 4243 praet

518 4265 591 4333 sisse
609 4286 753 4357 tempore
780 4264 862 4333 illam
883 4264 1090 4361 Sclroyfferi,
1114 4265 1172 4333 nisi
1199 4289 1325 4359 support:

517 4380 728 4449 Mantelianos
739 4381 932 4452 characteres
942 4383 973 4451 in
983 4384 1092 4453 alteras
1105 4382 1252 4478 migrasse
1263 4405 1325 4451 mar

516 4495 572 4564 scd
589 4496 714 4568 adeatur
732 4497 859 4585 Braun,
878 4505 941 4569 loco
961 4498 1055 4589 suprai
1076 4503 1189 4589 citato,
1207 4501 1260 4571 ubi
1281 4502 1325 4593 leg

427 4599 430 4608 ¹
517 4631 621 4681 extare
648 4614 805 4708 exemplar
831 4640 927 4686 unum
951 4615 1033 4710 apud
1053 4615 1234 4710 Capucinos
1261 4617 1325 4710 Aug

517 4743 643 4819 tenses,
666 4732 697 4800 in
721 4756 787 4827 quo
815 4755 925 4804 manus
950 4758 1061 4806 coaeva
1084 4735 1254 4812 miniatorls
1277 4730 1324 4822 adj
