2925 6525
259 1081 304 1131 ιο
409 1058 507 1131 cru.
538 1004 608 1129 nn
640 1054 882 1131 ruvcur.
912 1056 1035 1131 run.

304 1211 358 1288 4⁰.
377 1195 550 1268 Character
571 1197 604 1267 in
620 1216 756 1295 utroque
778 1196 888 1286 idern,
911 1197 964 1293 qui
985 1198 1059 1268 licet
1079 1193 1185 1283 major

257 1312 343 1386 sitin
363 1314 511 1409 psalterio
528 1315 601 1384 anni
629 1337 746 1413 1459,
766 1333 813 1385 est
834 1334 941 1384 tamen
957 1311 1099 1402 ejusdem
1116 1314 1184 1383 for·

257 1456 347 1503 nrae:
374 1433 449 1504 hinc
470 1432 602 1526 pertinet
629 1431 670 1502 ad
689 1451 940 1530 propugnatores
963 1432 1182 1502 characterum

258 1550 434 1644 ligneorum
458 1548 497 1619 de
520 1549 556 1618 iis
576 1548 657 1620 ferre
677 1546 826 1637 judicium
843 1575 851 1619 ε
870 1548 1005 1644 pertinet
1026 1549 1120 1619 etiarn
1141 1546 1184 1617 ad

258 1666 395 1738 formam
420 1666 545 1738 Donati
564 1664 648 1762 apud
671 1668 807 1762 catalog.
835 1667 865 1735 la
895 1668 1034 1737 Valliere
1068 1665 1183 1752 incisi,

257 1803 291 1856 et
312 1787 435 1858 alterius
455 1784 581 1856 Donati
603 1782 690 1870 cuius
713 1783 851 1854 mediam
875 1803 997 1878 partem
1021 1783 1110 1853 unius
1133 1782 1150 1851 f
1169 1822 1184 1837 ·

258 1902 290 1971 lii
311 1903 481 1998 possidc03
502 1901 558 1974 sed
579 1901 679 1997 longe
701 1903 874 1996 elegantior
895 1921 942 1970 est
964 1899 1059 1996 quim
1082 1901 1114 1968 in
1136 1901 1186 1970 bi·

258 2018 327 2089 bliis
353 2045 491 2116 quorum
524 2039 636 2115 typum
667 2017 806 2088 exhibuit
830 2016 1026 2088 Schelhorne
1052 2020 1087 2086 in
1110 2019 1185 2085 dia-

258 2138 339 2204 triba⁴
368 2139 404 2205 dc
434 2139 614 2228 optimorum
641 2139 819 2227 scriptorum
850 2137 1062 2222 editionibus,
1091 2137 1185 2226 impr.
1225 2204 1227 2208 ,

259 2252 441 2350 lindaugia
468 2257 584 2348 1761,
608 2255 711 2345 in-40.

312 2373 482 2474 ,anthlia
508 2374 558 2443 illa
583 2398 624 2443 ex
645 2371 758 2444 eidem
782 2390 854 2443 sunt
881 2369 1018 2440 editione
1047 2395 1084 2441 ac
1112 2395 1186 2465 quae

259 2488 344 2587 apud
366 2489 529 2576 Debure,
557 2492 781 2584 Bibliograplrie
812 2492 983 2558 instructior
1013 2484 1076 2560 ΝΟ.
1106 2509 1186 2585 25,

259 2605 475 2678 describuntur
498 2604 647 2701 tanquzim
675 2607 811 2676 extantia
840 2607 871 2674 in
897 2604 1091 2675 Bibliothecri
1112 2605 1188 2675 Ma-

260 2719 407 2808 zarineai,
431 2740 462 2791 et
487 2722 594 2816 paucis
628 2723 743 2793 abhinc
777 2723 936 2793 mensibus
970 2723 1098 2793 accessit
1130 2723 1187 2793 ali-

259 2836 304 2907 ud
322 2840 480 2935 exemplar
499 2839 540 2909 ad
559 2840 786 2912 Bibliothecanr
805 2841 922 2936 regiam
944 2841 975 2909 in
995 2837 1188 2934 pergameni

260 2953 345 3026 uude
362 2959 583 3044 consulantur3
599 2959 677 3030 sicut
694 2981 725 3046 et
740 2962 911 3046 Fourrrier,
928 2959 1022 3027 Lerne
1039 2955 1186 3027 ciFrcron

260 3072 315 3142 ubi
339 3072 578 3170 Bibliographiae
600 3075 736 3146 auctoris
757 3075 909 3147 sententia
936 3074 1100 3146 severioris
1122 3075 1187 3145 cri·

261 3187 337 3261 tices
356 3192 478 3264 trutinae
501 3190 670 3281 subjicitur.

311 3307 361 3383 6⁶.
381 3310 503 3382 Frustri
519 3312 746 3407 inquirerentur
763 3313 869 3383 litterae
892 3311 1100 3407 principales,
1116 3337 1188 3382 cus·

261 3426 351 3500 tudes
364 3454 402 3499 ac
412 3429 575 3525 signaturae
586 3480 597 3519 ,
610 3453 646 3499 ac
658 3428 779 3499 numeri
789 3448 964 3525 caeteraque
979 3428 1190 3524 provectioris

263 3547 336 3617 artis
355 3566 480 3640 puncta.
1025 3529 1027 3535 ¹

313 3667 370 3754 7⁰.
393 3664 475 3753 Quis
491 3685 596 3738 autern
608 3666 699 3738 fuerit
716 3667 833 3738 horunr
850 3664 958 3735 artifex
978 3689 1020 3734 an
1043 3664 1187 3736 Guttenr·

264 3778 360 3872 berg,
375 3806 415 3849 an
436 3805 476 3851 ve
491 3781 660 3879 Schoyffer
676 3810 712 3856 ac
730 3785 880 3872 Faustus,
897 3807 937 3852 an
952 3806 994 3851 ve
1012 3782 1105 3868 alter,
1121 3806 1189 3876 quo

265 3893 359 3963 etiarn
376 3921 461 3967 anno
479 3898 666 3991 prodierint,
680 3926 720 3970 an
737 3923 881 3996 145oan
898 3900 1124 3995 1455,sintne
1141 3898 1190 3967 Bi·

264 4009 326 4081 blia
343 4010 503 4109 dequibus
516 4013 707 4087 Trithemius
724 4041 777 4087 aut
787 4016 975 4087 Chronicon
991 4015 1190 4087 Coloniense

266 4127 459 4224 lorpruntur,
477 4134 513 4203 sit
532 4134 589 4204 sub
611 4132 726 4223 judice.
753 4133 828 4205 Hoc
845 4159 942 4205 unum
963 4131 1108 4205 affirmari
1129 4160 1191 4228 po-

266 4264 327 4319 test
351 4246 427 4319 citri
450 4274 546 4333 ornne
579 4250 737 4346 dubium,
769 4253 839 4327 haec
867 4252 1030 4326 volumina
1058 4276 1122 4346 prae
1154 4275 1189 4322 se

114 4883 289 5147 i.
