2925 6525
322 1048 390 1149 398
586 1038 979 1113 Ltsstttsuss

418 1197 510 1296 saepe
526 1198 679 1292 contingit
696 1197 865 1291 septimum
880 1182 1048 1267 desiderari
1066 1194 1166 1267 folium
1180 1219 1219 1265 ex·

370 1322 480 1392 hibens
501 1315 665 1410 epistolam
688 1313 879 1408 praedictam.

417 1436 545 1506 Tomus
568 1432 647 1504 veti)
669 1430 824 1504 secundus
847 1433 892 1504 sic
914 1432 1023 1527 incipit
1047 1432 1223 1525 foliolvctso

372 1579 445 1627 ante
465 1552 601 1622 indicem
619 1577 628 1621 :
654 1552 754 1619 lectori
772 1552 1011 1640 prestantissimi
1036 1573 1065 1619 et
1085 1553 1157 1619 della
1175 1549 1223 1616 iis·

373 1676 453 1743 toria
484 1675 671 1765 longameme
690 1669 782 1758 periti
814 1670 931 1758 sapiate
954 1691 1035 1736 come
1064 1672 1096 1737 Ia
1115 1685 1225 1758 presente

375 1794 445 1859 deca
463 1811 540 1884 tima
559 1789 591 1854 di
611 1785 679 1852 Tito
699 1787 773 1854 livio
775 1837 856 1857 .....
878 1788 1006 1853 insieme
1020 1809 1077 1852 con
1099 1785 1226 1875 leptim

376 1909 416 1977 ab
438 1908 508 1974 urbe
530 1904 676 1988 condita,
697 1924 725 1969 ct
747 1905 780 1969 la
806 1924 917 1991 quarta
941 1905 1021 1971 della
1046 1927 1152 1998 guerra
1172 1897 1229 1967 ΜΔ·

376 2024 536 2094 adonim:
560 2045 618 2088 son
648 2041 723 2088 state
751 2020 912 2087 Fidelmite
934 2023 1122 2110 interpretati
1146 2041 1171 2086 tt
1189 2038 1230 2084 cot

375 2166 497 2212 summa
525 2140 679 2233 diligentia
711 2140 743 2204 di
774 2139 872 2204 latino
903 2139 937 2204 in
973 2161 1113 2206 matema
1147 2141 1231 2229 lingna

378 2261 532 2328 traducti:
549 2276 670 2322 correcte
692 2277 722 2321 et
744 2257 882 2344 impresse
907 2257 989 2322 nella
1010 2258 1072 2324 cita
1096 2257 1129 2323 di
1150 2253 1233 2321 Roma
1280 2266 1283 2275 ·

371 2399 478 2470 presso
505 2400 525 2441 a
556 2399 616 2443 san
644 2397 747 2440 marco
776 2393 855 2441 sotto
879 2374 924 2466 gli
956 2376 1036 2440 anni
1066 2375 1115 2442 det
1140 2371 1181 2438 N.
1208 2368 1235 2432 S·

378 2494 453 2565 Iesu
476 2493 592 2560 Christo
618 2493 698 2559 mille
726 2511 834 2581 quatro
866 2511 950 2558 cento
985 2511 1118 2558 stttanta
1143 2491 1182 2559 sei
1199 2479 1238 2554 αὖ

378 2611 461 2680 XX
478 2613 527 2677 del
544 2635 620 2677 mese
642 2611 675 2675 di
697 2607 806 2695 Iulio,
830 2626 892 2678 etc.
918 2626 979 2679 etc.

426 2745 517 2812 Folio
539 2741 619 2810 veri)
646 2743 787 2834 sequenti
810 2743 916 2836 incipit
936 2743 1043 2813 tabula
1064 2739 1244 2816 rubricarum

380 2860 477 2930 tettiae
499 2855 640 2926 Decadis
661 2883 732 2951 quae
755 2857 790 2926 X
809 2857 886 2928 folia
907 2879 1054 2953 occupat.
1077 2860 1190 2931 deinde
1209 2862 1249 2929 in·

379 2975 453 3070 cipit
471 2973 559 3043 tertia
581 2970 674 3042 decas
691 2974 738 3042 his
764 2975 888 3045 verbis:
903 2978 1002 3067 finita
1019 2982 1052 3046 la
1067 2982 1176 3069 prima
1189 2981 1253 3047 deta

380 3096 413 3162 di
431 3093 499 3159 Tito
519 3091 604 3160 Livio
622 3092 779 3160 Patavino
792 3092 932 3160 historico
949 3096 1253 3165 daleominciamtmo

381 3213 451 3281 delle
472 3212 542 3279 sitta
564 3212 597 3278 di
620 3210 725 3279 Roma
749 3214 865 3307 segis-ita
893 3217 925 3280 la
948 3234 1058 3308 terpa,
1085 3234 1147 3286 etc.
1175 3215 1255 3285 etin

381 3332 444 3401 fine
465 3329 604 3425 legitur:
633 3332 748 3423 seguita
774 3333 800 3398 il
815 3333 917 3419 primo
948 3334 1024 3398 h'bro
1048 3335 1127 3401 della
1151 3354 1256 3424 quarta

382 3451 482 3520 Dece.
506 3449 644 3517 Decades
662 3449 842 3515 ambacum
863 3451 995 3539 sequenti
1014 3454 1129 3540 quami
1144 3456 1178 3519 in
1197 3476 1259 3519 uno

382 3569 534 3638 volumine
552 3569 699 3654 impressa
714 3564 846 3652 fuerunt
865 3569 899 3633 in
920 3569 990 3634 urbe
1006 3568 1160 3635 Romami
1174 3593 1260 3636 anno

384 3685 495 3750 Christi
527 3685 683 3751 millesimo
719 3706 851 3772 quatuor
883 3687 1038 3752 centesimo
1074 3691 1261 3781 sexagesimo

386 3798 461 3894 (pro
468 3796 698 3895 septuagesimo)
711 3822 814 3885 sexto,
826 3803 939 3869 sedunt
949 3804 1045 3869 Xisto
1056 3826 1262 3894 quartopom.

384 3942 472 3985 max.
496 3916 534 3983 Et
556 3917 694 4010 sequitur
717 3916 896 3987 immediati
923 3920 1086 4014 registrum
1117 3923 1261 4016 quintet·

383 4058 526 4105 monum.

431 4149 557 4224 Tomus
583 4151 663 4224 verti
689 4155 794 4225 tertius
817 4152 995 4225 immediati
1023 4156 1130 4249 incipit
1149 4155 1191 4224 ab
1217 4156 1264 4224 in-

387 4270 457 4343 dice
480 4272 689 4364 capitulotum
714 4293 832 4370 quattae
853 4272 1001 4363 decadis,
1023 4293 1055 4347 et
1076 4293 1123 4345 est
1145 4273 1180 4343 X
1208 4272 1261 4343 fo·
