2925 6525
351 1548 358 1571 ,
390 1467 423 1543 Α
450 1473 484 1543 N
514 1472 548 1543 N
580 1471 617 1543 O
681 1470 787 1569 1477:
976 1484 1051 1572 '413'

250 1602 378 1681 Prnteted
411 1609 524 1682 contrd
559 1608 772 1681 Casanatense
811 1608 927 1703 probat
963 1615 1051 1680 editio

213 1729 273 1795 nat
293 1752 399 1821 1491,
423 1728 539 1823 inqua
559 1746 620 1798 tres
641 1728 717 1797 solae
741 1725 925 1824 eaedetnque
946 1727 1052 1800 insunt

207 1839 288 1936 &ure
303 1863 332 1915 et
352 1843 469 1915 eodem
490 1842 593 1914 modo
617 1842 786 1914 distributae
810 1870 847 1914 ac
867 1845 901 1914 in
919 1862 1052 1935 nostro,

203 1981 311 2058 untque
343 1958 485 2049 ejusdem
512 1961 633 2032 circiter
661 1960 838 2032 altitudinis.
874 1961 968 2055 lgitur
994 1962 1053 2033 du·

197 2075 243 2147 liae
265 2078 334 2149 fidei
371 2077 557 2149 subodorari
591 2097 695 2173 potest
736 2077 945 2148 Dominicani
974 2078 1052 2151 illius

195 2191 369 2290 descriptio,
393 2193 455 2291 qud
475 2195 578 2289 potuit
597 2195 684 2265 bond
706 2193 766 2265 fide
789 2195 821 2263 in
843 2219 983 2266 errorem
1004 2196 1053 2266 in·

143 2330 145 2335 ’
192 2308 248 2382 duci
269 2314 363 2383 abbas
397 2311 429 2383 S.
456 2313 584 2407 Leger,
614 2311 692 2383 sicut
720 2308 784 2395 iam
818 2312 901 2382 hunc
933 2312 1053 2409 aliquot

193 2428 290 2500 abhinc
313 2429 402 2498 annis
426 2428 459 2497 in
481 2453 622 2499 errorem
645 2427 808 2528 induxerat
833 2427 916 2498 idern
936 2429 971 2501 P.
995 2431 1054 2499 Fa·

190 2543 475 2633 bricci,occasione
486 2546 554 2615 libri
572 2544 644 2615 dicti
664 2550 750 2615 decor
755 2528 938 2637 puellarum.
953 2545 1054 2617 Satilts

189 2660 281 2733 fuisset
297 2663 387 2758 igitur
400 2661 717 2757 Fabriccioequitare
733 2688 807 2733 cum
824 2663 974 2758 antiquis,
991 2662 1052 2759 β)

142 2842 146 2879 3
190 2802 271 2872 quam
290 2781 323 2849 in
341 2780 433 2851 rebus
456 2773 708 2875 bibliographicis'
728 2804 880 2875 magnum
899 2780 987 2876 loqui
1006 2782 1055 2850 ni·

190 2893 261 2993 tique
283 2896 456 2969 cothurno·

228 3012 334 3085 Abbas
356 3013 441 3085 Rive
464 3017 567 3085 chasse
592 3042 658 3084 aux
681 3016 897 3110 bibliographu
920 3037 948 3084 et
968 3028 1054 3086 anti·

142 3110 144 3187 Ῑ
192 3134 295 3220 qualus
316 3129 521 3219 mal-avise‘s,
544 3132 632 3202 Tonz.
665 3146 711 3201 1⁰.
735 3158 813 3226 pag.
845 3135 910 3230 365
946 3153 978 3203 et
1008 3160 1054 3204 se·

142 3242 143 3286 t
193 3273 308 3337 quan,
337 3249 483 3320 abbatem
508 3247 540 3318 S.
567 3248 666 3342 leger
694 3248 793 3319 acrius
817 3249 1055 3347 perstringens,

194 3366 278 3438 nodd
300 3365 463 3438 contendit
485 3367 596 3460 figuras
618 3367 683 3435 illas
705 3369 882 3460 ptaecesisse
901 3370 988 3440 annis
1010 3391 1055 3467 50

194 3484 346 3555 voluminis
378 3485 695 3579 promulgationem,
723 3504 757 3555 et
786 3483 881 3579 pauld
903 3505 976 3580 post
1001 3511 1054 3557 eas

198 3620 229 3671 10
251 3601 338 3671 annis
367 3602 440 3671 facit
462 3601 665 3695 posteriores.

227 3735 286 3806 Sed
311 3737 337 3807 si
358 3762 470 3807 verum
494 3737 576 3806 foret
603 3737 764 3830 primurn,
789 3763 867 3832 ergo
895 3735 959 3825 iarn
985 3762 1054 3807 non

192 3848 281 3945 figurae
304 3873 432 3948 propter
454 3854 590 3938 librum,
611 3852 667 3922 sed
685 3847 764 3922 liber
790 3871 918 3946 propter
942 3852 1053 3946 figuras

192 3966 284 4041 luisset
306 3971 428 4057 fuctus,
451 3989 483 4039 et
508 3968 634 4064 quidem
659 3967 826 4064 antequdm
848 3968 963 4039 Bettini
985 3969 1053 4040 atti-

190 4086 268 4178 gisset
290 4088 483 4182 trigesimum
509 4087 605 4157 aetatis
626 4111 756 4159 annum.

230 4224 345 4319 Neque
372 4224 466 4293 etiarn
494 4208 665 4294 secundum
690 4221 920 4317 potentioribus
950 4224 1055 4297 nititur

191 4340 377 4428 rationibus,
399 4361 535 4435 quatuor
558 4341 642 4409 enirn
662 4340 751 4409 aunis
768 4366 786 4409 a
803 4342 1055 4435 promulgatione

190 4459 282 4551 operis
300 4457 486 4546 Bettiniani,
503 4458 586 4553 typis
607 4457 770 4527 Florentiae
785 4454 923 4542 ejusdem
940 4456 1055 4555 Typo·

163 4631 1048 4663 -—-——-———-—--————-

212 4714 266 4795 (⁸)
284 4714 397 4777 Auctor
411 4719 488 4778 enim
503 4734 544 4777 est
562 4733 694 4778 tractatus
711 4717 743 4775 de
758 4716 918 4796 equitatione
932 4732 1054 4783 veterum.
