2925 6525
229 1522 231 1527 .
310 1444 728 1529 ADANNUM
781 1450 889 1547 1480.
992 1454 1061 1553 189

149 1657 206 1740 93
227 1628 359 1716 sexti
383 1626 538 1715 Aurelii
560 1626 740 1715 Victoris
765 1628 865 1715 liber
887 1636 1064 1717 virorum
1137 1610 1264 1730 50³5*

187 1758 643 1864 illustrium,velittaliis
660 1760 820 1847 videtur
835 1762 1063 1876 Tranquilli
1105 1776 1181 1903 ὢ
1206 1728 1269 1912 d

186 1889 373 1981 'Suetonii
393 1889 444 1977 de
459 1882 655 2003 praeclaris
674 1893 899 1979 Romanor.
919 1900 1062 2009 gestis.

195 2024 374 2111 Accessit
392 2024 504 2121 Sexti
525 2022 622 2109 Rufi
641 2022 690 2109 de
711 2022 878 2108 historii
906 2026 1064 2112 Rotna-

196 2154 245 2267 ni
264 2152 438 2241 libellus.
459 2152 898 2269 Ruessinger(Neapoli
918 2155 1065 2269 1470.)

183 2288 349 2427 μήθ.
377 2315 433 2372 m.

234 2494 340 2570 Editio
359 2496 505 2594 princeps
525 2495 557 2568 in
577 2493 640 2595 qui
661 2519 721 2568 nec
745 2489 898 2570 Suetonio
919 2522 979 2571 nec
998 2494 1067 2570 Plia'

200 2613 244 2686 tio
271 2614 428 2686 tribuitur.
458 2614 494 2683 ln
521 2610 610 2685 initio
638 2611 724 2684 Sexti
749 2608 836 2684 Ruffi
856 2634 902 2685 est
922 2616 1065 2711 praefatio

200 2730 398 2827 manuscripta
424 2729 539 2827 Angeli
559 2724 801 2828 Typhernatis,
822 2728 949 2828 proprii
968 2752 1065 2803 manu

199 2845 280 2943 'uite
293 2847 431 2943 scriptu
442 2847 484 2917 ab
499 2846 616 2919 eodem
631 2848 726 2918 etiarn
741 2847 829 2919 varia
844 2848 878 2918 in
894 2866 979 2920 texto
992 2874 1066 2920 cor·
1206 2850 1209 2856 ’

200 2984 272 3037 tecta
288 2983 372 3038 sunt.
392 2965 432 3034 Et
448 2964 480 3033 in
497 2963 561 3036 tine
575 2965 710 3060 legitur,
730 2951 1066 3060 characterecapitaliz

198 3085 298 3152 δίκαιε
331 3082 523 3176 Ruessinger.
552 3080 687 3152 Libellus
714 3082 766 3153 ille
793 3082 871 3153 vere
898 3083 990 3179 ipsius
1018 3101 1066 3154 est

197 3213 349 3271 mtamen
370 3192 655 3296 Typographicurn
675 3197 753 3271 rude
773 3225 811 3272 ac
830 3200 975 3274 informe.
1001 3201 1066 3271 Ex·

196 3316 274 3390 tabat
289 3315 386 3389 etiam
403 3315 487 3413 apud
500 3315 627 3406 Pinelli,
643 3312 744 3388 Toni.
770 3332 843 3406 2⁰.,
858 3319 919 3389 N0.
934 3322 1041 3417 2650.

165 3560 226 3642 ¹94
252 3533 343 3618 Caii
372 3533 552 3617 Suetonii
579 3528 808 3647 Tranquilli
848 3537 938 3622 vitae
967 3534 1066 3619 XII
1150 3476 1297 3626 A?
1320 3477 1349 3617 t

200 3664 415 3751 Caesarum.
442 3660 576 3764 1n-40,
1153 3669 1224 3800 ὦ
1242 3607 1301 3790 d

237 3871 424 3945 immediate
441 3897 460 3944 a
475 3872 615 3944 versibus
635 3872 773 3969 quintnre
797 3869 932 3944 Ausonii
949 3871 982 3941 in
1004 3870 1068 3943 ΧΠ

191 3989 333 4062 Cesarea
355 3989 486 4085 incipit,
509 4014 589 4087 quos
611 3991 749 4086 sequitur
770 3989 849 4059 liber
873 3987 1001 4084 primus.
1027 3989 1069 4061 Et

192 4107 374 4178 terminatur
404 4106 468 4176 aliis
498 4106 632 4177 Ausonii
661 4108 800 4177 versibus
824 4108 870 4175 ad
887 4099 1070 4199 Hesperium

185 4225 314 4315 filium,
334 4248 410 4294 cum
426 4223 606 4293 tetrasthico
623 4222 663 4293 de
679 4222 867 4294 Caesaribus.
889 4223 967 4293 Post
988 4215 1070 4295 Sue·

195 4340 340 4427 tonium,
361 4357 393 4409 et
412 4339 492 4410 folio
512 4363 606 4410 verso
628 4339 765 4430 ultimo,
787 4339 853 4410 duo
876 4358 981 4410 extant
1005 4359 1071 4411 tes·

195 4456 323 4526 timonia
356 4453 396 4525 tle
417 4455 571 4527 Suetonio
592 4481 605 4541 ;
638 4458 752 4552 pagina
774 4461 843 4529 haec
874 4476 999 4528 constat
1023 4480 1072 4551 ²9

196 4572 306 4659 lineis,
327 4567 402 4642 ditm
426 4593 547 4644 caeterae
567 4571 685 4644 haberit
709 4595 765 4669 32.

245 4686 404 4784 singulare
425 4689 519 4762 habet
539 4689 606 4792 hec
624 4688 720 4762 editio
743 4687 831 4790 quod
853 4687 936 4763 linea
956 4693 1071 4786 lineae,
