2925 6525
253 1066 328 1166 ³⁶⁶
518 1052 729 1127 iton-1
776 1053 910 1126 suu

307 1215 473 1332 pridius.
490 1206 716 1296 Trebellius
732 1208 883 1295 Pollio.
908 1207 1061 1296 Flavius
1080 1209 1147 1296 vo
1177 1208 1181 1217 ’

307 1356 455 1464 piscus.
487 1347 706 1454 Eutropius
746 1368 787 1426 et
837 1339 983 1428 Paulus
1019 1343 1151 1427 Diaco-

219 1481 223 1489 ’
308 1506 399 1566 nus.
427 1464 600 1560 Its-sol.
900 1586 918 1621 ι
1018 1589 1020 1592 Υ

206 1665 210 1675 “
348 1668 386 1739 Ιη
406 1668 469 1738 fine
491 1667 629 1736 Suetonii
650 1665 781 1763 legitur:
805 1668 979 1737 Mediolani
1000 1670 1157 1760 impressio

297 1815 356 1884 per
381 1789 558 1882 magistrum
584 1784 761 1876 Philippum
788 1788 825 1854 de
854 1787 1019 1882 Lavrgnia
1050 1806 1159 1884 1475,

304 1910 351 1978 die
375 1927 421 1976 20
446 1904 535 1975 Iulii.
564 1901 604 1972 Et
627 1902 679 1972 hic
708 1902 804 1972 habet
835 1928 925 1973 suam
951 1903 1160 1999 signaturam

304 2023 428 2093 seriem.
446 2019 625 2115 Sequuntur
636 2018 713 2088 folia
724 2037 772 2087 1v
787 2017 828 2088 de
845 2018 980 2090 exordio
1003 2016 1118 2091 Neruo
1136 2036 1163 2089 et

304 2138 466 2230 Traiani,
490 2164 560 2236 quae
578 2139 636 2210 sub
652 2137 808 2232 signatura
825 2139 857 2207 A
874 2139 1046 2226 habentur3
1062 2137 1163 2213 demde

305 2260 364 2330 sub
395 2283 486 2329 novo
520 2255 630 2327 ordine
659 2257 884 2352 signaturarum
915 2259 1055 2354 sequitur
1085 2256 1166 2328 index

304 2379 436 2451 sitarum
458 2393 491 2446 et
512 2398 625 2446 eorum
649 2392 841 2462 auctorum,
862 2374 916 2470 qui
935 2375 1065 2447 unicum
1082 2399 1168 2447 occu·

305 2513 360 2588 pat
387 2492 528 2579 folium3
557 2488 673 2562 deind&
702 2487 801 2562 AElius
830 2491 1012 2586 Spartianus
1043 2491 1084 2564 de
1114 2488 1169 2562 viti

304 2608 479 2695 Hadriani3
501 2628 533 2679 et
553 2609 621 2679 haec
643 2633 731 2703 pars,
748 2607 865 2702 signata
886 2609 970 2679 abA
992 2609 1033 2679 ad
1054 2609 1096 2698 S,
1111 2628 1168 2680 ter·

304 2725 441 2796 minatur
467 2725 547 2795 folio
574 2750 669 2795 verso
696 2749 771 2796 curn
795 2728 898 2812 Paulo
924 2728 1086 2800 Diacono.
1117 2726 1169 2797 Se·

305 2860 442 2937 quu'ntur
458 2838 589 2910 seorsim
608 2843 778 2932 Eutropius
799 2861 832 2913 et
850 2844 971 2913 Paulus
990 2846 1171 2934 Diaconos,

303 2957 338 3028 in
357 2981 493 3053 quorum
512 2957 574 3028 fine
592 2957 724 3052 legitur:
746 2959 949 3049 infirmatum
968 2985 1013 3030 est
1027 2963 1084 3031 lroc
1103 2987 1171 3055 opus

300 3101 356 3167 per
382 3076 559 3170 magistrum
587 3075 764 3167 Phihppunr
798 3079 832 3145 de
861 3078 1014 3173 Lavagna
1043 3105 1127 3148 anno
1150 3104 1169 3147 o

304 3194 461 3263 nonvitou
485 3193 587 3262 cltristi
610 3193 659 3265 M.
682 3192 816 3267 CCCC.
842 3192 1000 3288 LXXV,
1024 3199 1168 3268 ιυιᾰαὶπιο

306 3313 468 3384 Kalendas
485 3312 658 3385 lanuarias
677 3314 859 3385 Mediolani.

353 3433 520 3528 Exemplar
539 3436 664 3529 elegans
688 3461 726 3507 ac
747 3435 950 3531 registratum.
975 3437 1041 3508 Ubi
1060 3458 1171 3512 notan·

304 3549 381 3622 dum
398 3576 438 3621 ex
455 3571 498 3620 1v
516 3552 743 3645 exemplaribus
760 3579 830 3648 quae
851 3555 927 3623 mihi
948 3574 1082 3629 tractare
1097 3583 1172 3629 con·

304 3668 393 3763 tigit,
417 3668 482 3739 hoc
503 3668 630 3739 unicum
657 3671 806 3757 exhibere
832 3673 1028 3766 signaturas,
1051 3674 1122 3770 quia
1141 3675 1171 3744 in

304 3783 442 3856 inferiori
465 3805 551 3880 parte
578 3787 699 3882 paginae
726 3807 890 3877 extantes,
916 3788 1004 3861 fuere
1025 3816 1174 3887 compac-

282 3901 379 3971 'toris
401 3902 607 3974 instrumento
633 3905 784 3977 abscissae.

352 4034 409 4106 His
431 4040 577 4112 omnibus
599 4043 776 4114 auctoribus
797 4064 844 4115 est
864 4046 1022 4139 praemissa
1044 4046 1173 4142 epistola

302 4154 384 4225 Boni
415 4154 556 4228 Accursii
589 4159 691 4231 Pisani
722 4160 762 4232 ad
796 4162 1037 4252 Simonettam,
1066 4188 1172 4235 versus

177 4291 180 4296 ·
303 4270 438 4347 Ausonii
457 4276 491 4347 in
512 4275 726 4373 Suetonium,
751 4280 817 4355 uita
840 4280 981 4354 Suetonii
1008 4307 1067 4381 per
1093 4281 1172 4372 catff
