2925 6525
1221 1270 1230 1317 l

1224 1336 1230 1361 r

468 1443 513 1550 ζμ
633 1443 730 1527 [ΙΒ.
765 1455 834 1527 ΑΒ
865 1455 1108 1531 lNVENT.
1140 1456 1226 1534 T?

536 1613 629 1664 tomo
645 1608 690 1665 1⁰.
704 1618 775 1688 pag.
790 1617 877 1686 229,
890 1596 943 1664 ubi
954 1596 1064 1690 legitur
1077 1624 1177 1668 unum
1189 1627 1227 1674 er

534 1711 603 1806 plar
624 1711 655 1778 in
678 1711 764 1781 curii
785 1710 1006 1799 Harletnensi,
1026 1735 1169 1808 emptum
1188 1742 1226 1811 pe

534 1827 619 1897 urbis
630 1827 669 1897 ab
678 1826 850 1899 haeredibu
862 1828 1019 1899 laurentii
1031 1831 1167 1921 Coster,
1182 1853 1226 1905 tat

530 1961 638 2039 opus:
657 1944 713 2015 sed
725 1944 854 2018 diverso
870 1945 981 2016 ordine
1003 1947 1216 2042 disponuntur

532 2081 568 2133 ut
578 2062 715 2133 secunda
725 2063 764 2133 sit
778 2062 909 2151 ultima,
929 2082 988 2135 etc.

581 2180 751 2275 Exemplar
770 2180 944 2269 eximitun,
966 2182 1089 2252 ratione
1107 2208 1222 2257 conset

469 2338 473 2349 ·
530 2295 681 2391 ligaturae.

318 2465 386 2522 Q
483 2480 515 2565 4
540 2449 750 2564 Speculum
775 2457 949 2540 humanae
977 2454 1213 2544 salvationis

537 2612 629 2669 cum
650 2585 788 2699 figuris
808 2584 922 2702 ligno
944 2590 1093 2672 incisis.
1112 2617 1168 2674 m.
1191 2619 1218 2674 r.

578 2735 718 2808 Constat
736 2761 777 2834 33
800 2737 882 2809 foliis
899 2761 1036 2833 quorum
1056 2762 1216 2836 untunqut

527 2875 623 2948 cepto
635 2854 772 2940 ultimo,
787 2872 924 2948 quatuor
940 2879 981 2943 en
991 2851 1054 2925 uni
1065 2873 1155 2948 parte
1170 2875 1206 2929 et

528 2966 625 3038 alteri
651 2969 778 3038 exhibet
793 2967 930 3062 figuras,
955 2995 1088 3065 quarum
1104 2973 1215 3068 quaeltl

529 3084 575 3155 tio
585 3081 777 3180 quandoque
793 3105 840 3155 est
854 3083 964 3158 Latina
979 3105 1012 3158 et
1024 3086 1214 3186 quandoque

240 2513 339 2604 5⁵06
371 2549 377 2556 ·

529 3226 585 3290 ca,
596 3200 651 3273 sed
660 3203 883 3300 manuscripta:
895 3228 954 3275 trec
966 3204 1146 3300 signantur,
1163 3232 1213 3279 net

528 3340 578 3391 tur
599 3318 728 3416 figurae,
746 3322 824 3392 sicut
846 3322 977 3417 contigit
996 3324 1027 3391 in
1045 3323 1212 3397 editionibr

526 3437 634 3507 neken
648 3438 823 3528 recensitis,
839 3438 975 3534 ideirque
984 3439 1210 3514 collectionem

527 3578 613 3627 rasse
634 3554 814 3627 verissimile
831 3576 888 3627 est.
906 3557 1025 3652 figurae
1051 3558 1110 3628 illae
1126 3559 1210 3632 eaede

528 3690 600 3746 sunt
608 3726 620 3762 ,
634 3671 802 3769 (rudiores
815 3673 970 3767 tamen,)
990 3673 1170 3772 eodemque
1181 3703 1209 3749 tr

527 3811 642 3863 nuntur
657 3813 694 3862 ac
710 3790 742 3859 in
754 3788 940 3861 editionibus
954 3791 1152 3886 Lugdunens.
1169 3820 1208 3867 an

524 3933 557 3982 et
583 3907 699 4006 1483,
719 3910 756 3977 de
771 3907 921 3977 l'ltumain
945 3911 1097 4005 lrgnaigq
1119 3911 1208 3983 iri-fo'

573 4027 608 4094 ln
629 4029 693 4098 hoc
719 4025 835 4099 eodem
862 4026 1024 4099 volumine
1050 4028 1207 4124 compingi

525 4144 600 4213 latio
618 4145 761 4211 librorum
780 4146 981 4213 historialiurn
995 4148 1088 4213 totius
1104 4146 1206 4218 Bibu'r

525 4259 798 4345 usqueadscrtum
809 4285 866 4347 per
876 4263 984 4327 mundi
1000 4284 1099 4331 oetaoes
1109 4265 1205 4353 dtipor

525 4372 709 4447 Iohannedc
721 4375 821 4440 Urino
831 4426 842 4458 ,
854 4377 969 4443 ordinis
980 4378 1141 4448 Minorem
1151 4382 1203 4449 Di

524 4491 660 4575 leiensis,
683 4514 757 4560 cum
777 4492 933 4584 permultis
955 4494 1090 4587 picturis.
1109 4497 1202 4569 Aucti

524 4606 687 4698 epistolam
707 4606 889 4681 dicatoriatn
904 4607 1053 4681 Domino
1064 4613 1201 4685 Gertran

524 4723 808 4823 chellquileiensi,
819 4727 850 4798 in
861 4722 948 4818 eujus
960 4728 1023 4802 fine
1034 4727 1107 4805 dicit
1118 4756 1151 4803 se
1161 4732 1200 4804 ha
