2925 6525
423 1101 497 1187 430
689 1072 1081 1147 nrunrsuu

375 1290 389 1326 .
473 1238 531 1312 tria
552 1232 702 1306 exhibent
727 1229 864 1302 indicem
891 1249 1068 1301 erratorum
1089 1229 1354 1327 corrigendomm

423 1348 426 1352 ’
474 1353 555 1453 (qui
571 1349 654 1423 forte
670 1351 748 1420 liber
771 1350 888 1443 primus
903 1367 951 1418 est
970 1348 1002 1417 in
1018 1372 1086 1443 quo
1108 1348 1230 1420 menda
1247 1372 1357 1424 notata

352 1526 358 1547 Ι
471 1466 638 1565 fuerint3)
658 1483 803 1563 quartum
824 1463 920 1535 refert
941 1465 1108 1559 epistolam
1125 1465 1301 1554 Marliarri3
1325 1489 1358 1541 et

472 1589 617 1686 quintum
641 1609 742 1656 unum
767 1579 925 1652 leonardi
950 1580 1144 1668 Iustiniani3
1174 1609 1252 1655 cum
1275 1585 1357 1658 folio

474 1724 564 1777 recto
587 1702 770 1775 terminatur
787 1700 942 1770 volumen
961 1698 1116 1794 signatura
1134 1696 1198 1790 M,
1226 1721 1259 1773 et
1280 1729 1356 1775 cum

478 1846 522 1895 12
538 1822 635 1895 lineis.
653 1818 747 1912 Opus
762 1817 970 1903 rarissimum,
989 1815 1031 1887 de
1047 1841 1114 1913 quo
1133 1816 1208 1889 vide
1224 1819 1355 1892 Saxium

473 1939 620 2010 Bibliorh.
644 1935 814 2004 Mediolan.
834 1934 930 2001 Yomo
944 1936 1069 2024 primo,
1084 1961 1163 2030 pag.
1184 1938 1285 2029 614,
1299 1939 1355 2010 ubi

475 2054 651 2128 Mediolani
670 2055 855 2146 impressum
872 2050 964 2122 fuisse
983 2051 1078 2123 eriam
1096 2051 1247 2129 affirmat.

222 2290 324 2418 525³}
337 2335 389 2439 ,5—
426 2317 482 2401 30
494 2290 555 2373 Pii
574 2291 615 2372 11
633 2288 844 2419 Pontificis
862 2293 1020 2372 maximi
1035 2290 1201 2373 historia
1223 2294 1352 2376 rerum

221 2469 321 2598 M
482 2423 630 2536 ubique
653 2447 854 2536 gestarum
867 2450 957 2506 cum
972 2413 1158 2504 locorum
1179 2421 1353 2534 descrip-

229 2546 236 2561 ’
322 2477 386 2674 's
482 2561 623 2656 tione,
651 2543 738 2638 non
764 2553 893 2637 finita.
926 2550 1055 2666 (Asia
1085 2558 1219 2638 minor
1249 2561 1352 2638 inci-

480 2685 590 2798 pit.)
615 2684 754 2771 In·fol.
780 2715 835 2771 m.
860 2714 920 2795 r..
1024 2766 1029 2777 ,

520 2914 562 2983 ln·
578 2912 641 2983 fine
662 2913 795 3007 legitur:
817 2917 870 2983 Pii
896 2917 941 2984 11
961 2916 1068 2985 Potui.
1097 2918 1230 2987 maximi
1252 2916 1351 2986 listo-

408 3011 412 3018 .
472 3031 524 3104 riae
545 3055 643 3100 rerum
669 3032 777 3122 ubique
795 3053 947 3126 gestarum
962 3034 1070 3122 prima
1088 3060 1169 3123 pars
1184 3034 1301 3123 finitur
1323 3055 1350 3102 ct

472 3149 663 3240 impressioni
685 3151 820 3220 Veneriis
847 3152 946 3219 dedita
959 3176 1017 3241 per
1034 3151 1211 3221 Iohannem
1232 3154 1268 3220 dc
1288 3151 1349 3218 Co·

473 3270 560 3338 tonia
582 3259 752 3359 sociumque
774 3269 839 3359 ejus
856 3270 1029 3340 Iohannem
1046 3268 1203 3337 Manrlren
1219 3272 1255 3338 dae
1275 3268 1349 3338 Ger·

474 3407 578 3482 terrem
599 3410 686 3454 anno
705 3388 863 3455 millesimo
884 3383 1019 3456 CCCC.
1042 3384 1218 3459 LXXVII.

520 3559 612 3658 Fulio
649 3584 742 3630 verso
785 3558 1014 3654 subscriptionis
1060 3578 1146 3629 extat
1185 3561 1346 3655 registrum

473 3676 606 3770 signat„
634 3696 665 3746 et
689 3675 848 3747 codicum.
877 3678 1038 3773 Frequens
1062 3698 1109 3746 est
1137 3678 1170 3746 in
1197 3678 1257 3748 hac
1278 3676 1347 3746 edi·

472 3792 560 3863 tione
588 3792 771 3886 paginarum
795 3793 829 3862 in
860 3794 946 3871 lineis
971 3792 1172 3889 inequalitas.
1207 3792 1291 3864 Vide
1318 3794 1346 3862 la

469 3907 637 3999 Nubere,
659 3908 729 3981 ΝΟ.
755 3912 863 4007 4596.

265 4137 347 4263 ξ’).
426 4169 475 4254 31
505 4144 594 4228 Caii
618 4142 735 4228 Plinii
762 4142 926 4229 secundi
949 4151 1119 4230 ora-toris
1147 4146 1341 4233 Novoco-

249 4288 315 4425 ᾳ
343 4341 345 4345 -
387 4383 391 4392 ¹
479 4281 625 4361 mensis
641 4274 741 4362 liber
756 4274 965 4363 illustrium
984 4283 1174 4365 virorum.
1198 4276 1341 4389 (Opus

373 4516 486 4631 s
