2925 6525
415 1469 505 1540 ΑΝ
529 1471 563 1541 Ν
587 1469 623 1541 O
676 1473 782 1568 1473.⁴
987 1483 1056 1571 3¹3

147 1668 150 1673 ·
186 1652 326 1732 num,
362 1654 566 1711 usurarum
600 1651 640 1710 et
675 1632 1057 1722 excommunicatio·-

190 1786 302 1842 num.
318 1757 477 1841 Patavii
488 1756 919 1848 LeonardusdeBasileo
936 1791 1057 1877 1473.

189 1892 243 1976 In
257 1938 276 1953 ·
289 1888 360 1977 fol.

195 2138 200 2145 .
229 2080 268 2151 In
290 2081 354 2152 fine
371 2082 503 2178 legitur:

233 2257 335 2350 Quem
345 2259 417 2351 legis
433 2260 595 2352 impressus
606 2263 679 2331 dum
696 2258 792 2330 stabit
807 2260 842 2329 iri
856 2285 902 2331 ere
918 2272 1057 2335 caracter.⁴

134 2368 137 2373 Ι
279 2392 373 2460 Dum
392 2417 457 2463 riori
479 2397 571 2489 longa
590 2398 651 2464 dies
668 2400 716 2466 rel
738 2393 810 2484 sera
825 2393 902 2483 fata
918 2419 1057 2488 prement

228 2526 373 2597 Candida
389 2553 526 2620 peqretue
547 2556 613 2599 rrorr
638 2533 728 2600 deerit
738 2529 833 2618 farrea
848 2535 982 2606 basileo.

279 2664 460 2734 Phidiacum
481 2667 561 2734 luerte
579 2687 701 2757 superat
716 2670 878 2736 leonardus
899 2670 981 2740 ebur.

231 2799 330 2869 Cedite
347 2803 554 2898 calcographi:
577 2804 737 2872 millesima
760 2825 859 2873 vestro
872 2804 979 2899 figura
1000 2824 1060 2875 este

279 2937 459 3028 Archerims
470 2939 569 3034 fingit
593 2942 677 3008 solus
699 2941 808 3007 ariste
827 2960 930 3009 notas.

228 3128 280 3200 M.
315 3127 450 3200 CCCC.
483 3128 648 3217 LXXIII,
681 3132 814 3201 Nicolao
852 3131 956 3200 Trono
984 3134 1055 3201 dua

179 3249 364 3320 verreriamm
405 3271 546 3345 regnante
582 3251 759 3339 impressum
790 3247 861 3339 fuit
883 3250 952 3319 owe
979 3274 1056 3341 opus

178 3368 288 3441 Padue
299 3363 437 3453 feliciter.

230 3502 279 3574 Ex
304 3502 484 3574 charactere
509 3504 676 3600 elegante,
703 3503 769 3603 sed,
781 3504 897 3601 absque
913 3503 1022 3599 signat.
1042 3553 1055 3592 ,

179 3644 270 3690 num.
299 3638 331 3688 et
355 3619 478 3694 custod.

134 3882 180 3936 21
214 3850 335 3938 Plinii
369 3853 532 3940 secundi
570 3857 744 3939 historiae
782 3850 969 3936 naturalis
1004 3849 1052 3935 Ii·
1105 3803 1339 3968 2772*

188 3985 252 4069 bri
288 4016 372 4099 37,
403 4014 452 4069 ex
483 3986 660 4071 editione
690 3982 850 4070 Nicolai
886 3981 1058 4069 Perroti'
1100 3969 1333 4098 (ssmfimr

185 4116 304 4229 Impr.
342 4116 473 4200 Romo
504 4115 755 4231 Soreynheym
790 4145 827 4198 er
862 4115 1056 4228 Parrrrorq
1131 4099 1151 4165 I

193 4279 330 4366 1473,
362 4254 421 4335 die
447 4256 602 4367 septimi
631 4253 747 4337 Maii.
778 4246 914 4334 In·fol.
943 4276 997 4331 m.
1018 4275 1053 4332 r.

226 4461 427 4534 Testimonia
458 4463 497 4534 de
531 4464 635 4535 Plinio
672 4462 882 4558 manuscripta
913 4478 985 4532 sunt
1018 4459 1054 4529 in

176 4581 254 4651 hoc.
271 4580 356 4651 Vide
367 4584 563 4677 bibliograpi.
582 4586 670 4652 inser.
689 4580 758 4652 ΝΟ.
776 4583 877 4674 1463.
892 4577 1053 4648 Occasio-

176 4721 220 4774 ne
237 4694 330 4789 hujus
349 4697 506 4774 Romanae
524 4698 612 4772 Plinii
630 4698 797 4791 editionis,
821 4695 976 4768 monitum
993 4695 1052 4768 sit:
