2925 6525
405 1273 557 1415 'ANN
580 1276 772 1374 001474
978 1299 1047 1380 ιιι

167 1454 221 1529 Μ.
255 1448 404 1527 CCCC.
440 1449 636 1542 LXXIIII.
674 1452 760 1528 Vide
795 1450 953 1542 Debute,
986 1453 1052 1530 N⁰.‘

174 1575 282 1666 2746.
304 1568 347 1644 In
377 1590 469 1642 tomo
493 1569 634 1641 secundo
655 1568 758 1641 deficit
782 1569 893 1641 folium
913 1571 1050 1665 primunt

177 1687 262 1787 quod
298 1687 443 1760 continet
474 1687 639 1781 epistolam
677 1687 811 1782 primam
848 1686 1050 1779 Heroidum,

173 1802 246 1876 linet
272 1804 401 1876 aliunde
426 1803 622 1900 completum
645 1806 684 1877 sit
707 1804 878 1898 exemplat.

125 2058 179 2148 37
208 2035 334 2121 Liber
359 2036 541 2146 Perche,
574 2067 641 2124 seu
670 2037 719 2123 de
750 2012 911 2122 Ιιοιιιίιιε
938 2041 1049 2152 cujus
1106 1954 1333 2209 23&ss

125 2232 133 2259 ,
179 2192 277 2254 sunt
297 2166 388 2252 libri
410 2167 507 2253 duo.
536 2170 690 2256 Primus
713 2194 864 2255 tractat
875 2169 927 2256 de
950 2199 1051 2257 con·
1142 2191 1308 2308 „2352ss

179 2304 407 2385 servatione
435 2306 639 2386 sanitatis:
665 2302 862 2388 secundus
890 2301 940 2387 de
965 2331 1051 2389 cau·
1123 2274 1152 2377 (7
1180 2334 1185 2361 ι

179 2437 235 2516 sis
262 2430 464 2517 hominem
491 2431 842 2518 constituentibus.
870 2431 1007 2520 In-fol.

220 2639 265 2717 In
292 2642 356 2734 fine
377 2644 507 2739 legitur:
534 2648 624 2714 Finis
647 2649 718 2715 laus
743 2648 816 2716 Deo
845 2644 959 2716 Amen.
984 2646 1052 2714 80:

133 2778 136 2785 '
174 2762 277 2829 nonio
303 2763 481 2852 impressum
502 2789 561 2854 per
589 2789 636 2832 me
658 2765 800 2858 Ugoncm
827 2764 992 2858 Rugerium
1023 2782 1053 2832 ct

136 2886 140 2895 “
170 2877 352 2946 Dominum
388 2880 567 2948 Berthocum
612 2881 783 2976 Regisnscs.
828 2883 929 2950 Anno
964 2882 1053 2953 dom

172 2991 225 3066 M.
255 2992 400 3068 CCCC.
431 2993 637 3084 LXXIIII,
671 3000 717 3066 die
742 3001 849 3090 prima
886 2999 974 3070 Julii.

220 3148 318 3265 Opus
352 3168 455 3241 italice
493 3170 731 3266 componitur,
763 3170 818 3242 sed
855 3171 1050 3267 proemittitur

170 3285 306 3382 epistola
328 3288 422 3358 latina
447 3286 616 3385 auctoris(
639 3289 818 3359 Hieroniini
844 3287 1050 3383 Manfredii)

171 3401 217 3473 ad
248 3402 406 3475 loannem
437 3404 477 3476 de
505 3405 717 3492 Bentivolio,
752 3431 847 3501 quam
878 3425 1049 3502 sequuntur

171 3516 233 3592 XI
266 3520 342 3592 folia
378 3522 485 3593 inditis
510 3524 736 3619 questionum,
767 3525 825 3595 sub
852 3524 912 3593 hac
941 3547 1049 3595 voce:

170 3638 292 3711 Perclte.
324 3640 411 3709 Folia
433 3640 466 3709 in
497 3640 598 3712 indice
626 3661 789 3710 numerata
810 3658 1050 3733 supponuntur
1049 3650 1052 3658 '

172 3754 251 3826 licet
276 3780 344 3826 non
367 3756 437 3827 sint.
468 3757 642 3856 character
664 3775 710 3828 est
736 3754 909 3840 rotundus;
931 3755 1049 3850 absque

173 3873 317 3966 signat,
348 3898 438 3946 num.
469 3893 501 3944 et
530 3872 654 3947 custod.
684 3871 833 4000 Neque
825 3896 858 3940 ιιι
885 3872 1050 3943 columnas

171 3989 301 4086 paginae
325 3989 514 4064 dividuntur.

223 4142 360 4215 Constat
404 4144 500 4217 editio
542 4146 611 4218 haec
652 4145 797 4242 princeps
826 4165 859 4216 et
896 4145 1049 4219 ratissima

171 4284 224 4356 97
261 4261 355 4333 foliis.
396 4262 453 4333 De
486 4263 567 4334 libro
595 4264 660 4335 hoc
690 4282 722 4333 et
749 4262 947 4335 infortunato
980 4260 1052 4372 ejus

171 4395 331 4472 auctore,
347 4378 420 4453 vide
439 4380 573 4479 Beyer,
595 4382 735 4486 Memor.⁴
752 4382 820 4453 libr.
845 4385 952 4455 rarior.
970 4407 1050 4477 pag.

173 4497 260 4587 264.
623 4519 627 4527 ·
