2925 6525
1154 1086 1157 1095 ι

1295 1190 1298 1203 Ι

414 1519 446 1590 ’Δ
470 1518 504 1590 Ν
527 1518 561 1590 Ν
584 1519 620 1592 0
672 1522 774 1616 1469.
1005 1542 1049 1618 73

194 1660 198 1666 '
232 1652 367 1748 Propter
382 1655 500 1725 molem
511 1654 666 1744 majorem
679 1656 825 1732 dividitur
842 1656 873 1726 in
890 1656 966 1727 duas
978 1644 1053 1751 par·

125 1763 133 1773 ’
186 1787 257 1854 tes;
274 1769 383 1840 frustrri
404 1793 617 1867 quaererentur
632 1799 743 1861 num,
761 1777 870 1870 signat.
892 1796 926 1844 et
947 1756 1053 1845 custoss

176 1884 251 1956 des.
284 1887 398 1959 Littera
424 1889 525 1985 prima
555 1891 730 1985 principalis
758 1893 914 1986 eleganter
937 1889 1052 1986 depin-
1162 1917 1165 1926 ·

185 2004 287 2098 gitur,
310 2023 344 2075 et
363 2024 485 2076 caeterae
504 2007 598 2077 etiam
619 2007 652 2076 in
669 2004 801 2078 decursu
820 2008 933 2102 operis.
953 2006 1053 2078 Unde

185 2120 416 2191 observandum
437 2120 511 2193 duxi
531 2147 640 2193 earum
662 2121 807 2192 eamdem
831 2147 898 2192 esse
918 2105 1051 2203 omnino

152 2235 154 2238 ’
181 2234 422 2315 delineationem
442 2264 479 2310 ac
497 2263 567 2335 quae
583 2239 771 2309 observatur
787 2263 847 2331 pro
864 2238 968 2309 litteris
983 2263 1053 2310 ma-

182 2348 298 2440 joribus
328 2355 429 2425 incisis
461 2354 494 2425 in
530 2357 642 2425 Bibliis
674 2353 838 2441 Berrholdi
867 2372 900 2427 ct
922 2353 1055 2428 Riehelii

183 2469 428 2559 Basileensium,
445 2471 485 2541 de
505 2473 617 2572 quibus
633 2470 726 2542 infri.

232 2589 362 2682 Versus
376 2612 417 2680 19
442 2589 589 2663 exhibent
607 2586 821 2686 Typographi
841 2613 1020 2682 pronomen
1038 2605 1052 2680 ,'

184 2728 332 2791 annum,
364 2724 396 2774 et
426 2707 566 2790 urbem;
592 2704 648 2774 sed
678 2706 779 2775 littera
808 2706 910 2799 prima
931 2728 1054 2780 novem

184 2820 347 2913 priorum,
365 2821 459 2892 offert
471 2846 589 2892 vocem
605 2822 686 2917 hanc
702 2821 948 2892 Gvnfflnltvs
960 2871 972 2909 ,
983 2847 1055 2919 quae

183 2936 277 3030 ipsius
297 2963 417 3008 nornen
438 2957 495 3010 est.

230 3051 406 3131 Rarissimae
422 3051 513 3144 hujus
526 3053 668 3125 editionis
684 3055 805 3127 mentio
820 3055 951 3126 habetur
968 3053 1053 3150 apud

181 3168 364 3242 Schwartz:
385 3175 419 3240 in
434 3174 531 3245 iudice
545 3174 689 3240 librorum
705 3174 904 3263 quomdam
926 3175 982 3241 sub
996 3174 1051 3240 in„

180 3290 335 3357 cunabula⁴
366 3289 584 3384 Typograpltiae
617 3314 825 3376 excusorum,
860 3292 950 3380 impr.
980 3289 1052 3356 No-

182 3407 331 3501 rimberga’
357 3428 473 3499 1724,
487 3432 563 3501 pag.
587 3403 628 3476 81
645 3424 713 3493 ,et
729 3404 921 3496 Meerman,
942 3408 1051 3501 origin.

183 3521 316 3617 Typogr.
333 3546 421 3615 parte
439 3523 572 3595 secunda*
581 3574 593 3608 ,
604 3548 680 3617 pag.
701 3544 758 3614 99.

132 3723 159 3809 7
192 3693 252 3779 M.
282 3689 409 3778 Tullii
435 3672 642 3779 Ciceronis
679 3692 856 3805 epistolae
889 3691 1052 3777 familia·
1095 3662 1342 3801 [goffi-

190 3837 263 3909 res.
283 3823 400 3937 Impr.
435 3819 631 3933 Veneriis,
655 3823 800 3910 Joanrr.
827 3825 870 3905 de
899 3823 1052 3940 Spird,
1350 3931 1355 3938 ὓ

199 3956 317 4064 1469.
338 3952 473 4044 In-fol.
496 3962 538 4043 in
561 3954 813 4076 pergameni.
922 4053 924 4057 ,
977 4025 981 4081 2
1093 3882 1134 4014 (l
1151 3871 1348 3993 (mi-

231 4144 259 4217 J.
284 4145 443 4216 Vindelini
464 4146 565 4240 prima
586 4146 656 4217 haec
678 4166 725 4216 est
740 4143 941 4239 epistolarum
964 4138 1053 4232 hujus

153 4332 155 4335 ,
181 4264 255 4336 anni
275 4261 395 4352 editio,
416 4264 447 4332 in
469 4259 557 4349 cujus
578 4261 639 4331 line
661 4262 795 4355 legitur:

179 4384 286 4475 Quom
296 4382 383 4450 labor
394 4380 440 4449 lic
449 4381 571 4473 primus
581 4381 693 4446 calami
703 4381 886 4467 superaverit
895 4402 1000 4448 arcem.

548 4499 649 4588 1469,
709 4593 711 4597 ,
751 4592 754 4599 ,
919 4483 925 4490 Α

228 4612 326 4684 Tituli
356 4613 556 4707 epistolarum
596 4610 796 4706 manuscripti
832 4632 911 4685 sunt.
956 4608 1053 4681 Caret

179 4730 368 4829 signaturis,
406 4729 572 4819 numeris,
599 4728 809 4817 custodibus,
846 4749 876 4802 et
910 4727 1051 4822 registro.
