2925 6525
378 1437 411 1508 A
436 1437 471 1508 N
494 1437 528 1508 N
553 1436 589 1507 Ο
643 1460 747 1532 1477.
954 1461 1021 1529 411

177 1594 248 1667 etde
269 1618 366 1691 opere
389 1595 488 1691 agitur
511 1595 544 1664 in
564 1597 795 1683 additionibus,
817 1616 889 1689 pag.
915 1618 972 1689 30.

210 1715 294 1808 Opus
319 1731 425 1785 autem
449 1713 481 1783 in
509 1731 570 1813 tres
596 1732 698 1807 partes
721 1709 878 1783 dividitur.
906 1714 940 1782 ln
963 1712 1027 1809 pri-

174 1830 260 1905 nffde
281 1853 383 1901 monte
405 1834 458 1923 qui
480 1831 617 1900 Chrisms
638 1852 683 1900 cst
702 1829 824 1925 agitur,
848 1852 879 1901 et
901 1831 973 1902 huic
992 1831 1028 1900 fi-

171 1974 229 2044 gura
250 1949 367 2020 montis
395 1948 601 2044 praemittitur.
633 1950 668 2017 {n
696 1947 834 2018 secund&
862 1949 961 2043 agitur
987 1950 1028 2020 de

166 2068 246 2159 gloria
274 2067 445 2154 paradisi,
471 2084 503 2136 et
532 2066 605 2139 huic
632 2065 797 2160 praefigitur
823 2064 968 2136 Salvator
994 2066 1028 2135 in

167 2181 257 2257 medio
275 2183 474 2278 Angelorum
495 2185 616 2254 coelum
634 2182 807 2255 ascendens
825 2207 837 2267 ;
860 2201 893 2253 et
912 2183 944 2251 in
966 2182 1028 2253 ter-

122 2298 129 2341 '
168 2299 200 2369 ti&
220 2300 259 2371 de
281 2305 384 2394 paenis
410 2305 656 2392 damnatorum,
691 2303 743 2373 cui
771 2320 884 2398 praeest
913 2299 1028 2372 Inferni

169 2416 259 2512 figura.
282 2418 368 2489 Hinc
387 2438 474 2513 patet
496 2420 639 2515 analogia
661 2419 829 2515 figurarum
857 2444 931 2494 cum
956 2443 1027 2488 ma·

140 2564 143 2571 ¹
168 2535 229 2606 terii
242 2532 404 2627 cuiuslibet
423 2537 542 2633 partis,
564 2562 697 2633 quarum
721 2538 821 2631 prima
840 2538 936 2607 habet
960 2554 1023 2635 115

122 2636 124 2725 ἶ
169 2653 318 2748 capitula,
350 2653 488 2726 secunda
524 2675 563 2752 15
599 2673 631 2724 et
662 2654 752 2724 tertia
783 2679 816 2747 7·
853 2652 935 2723 Tres
969 2679 1028 2724 au-

122 2752 124 2847 J
170 2787 219 2839 tem
247 2771 305 2842 illae
340 2772 447 2867 figutae
476 2797 544 2843 non
576 2771 707 2843 seorsim
743 2773 899 2865 impressae
931 2789 1027 2858 sunt,

170 2910 216 2959 nec
239 2890 320 2960 foliis
350 2890 580 2984 agglutinatae,
609 2891 689 2961 sicut
716 2890 833 2960 factum
869 2888 961 2957 fuisse
992 2888 1026 2958 in

171 3001 268 3077 Dantis
284 3005 430 3078 comedi&
445 3006 588 3097 dicetur,
609 3007 665 3076 sed
688 3005 787 3100 reipsn
803 3005 962 3076 adhaetent
977 3004 1028 3076 fo·

170 3121 371 3220 h'isimpressis
394 3150 434 3196 ex
456 3124 520 3196 unfi
542 3145 574 3196 et
596 3124 692 3196 altera
716 3144 815 3221 parte.

204 3262 322 3335 Auctor
346 3262 448 3356 operis
470 3261 528 3333 fuit
549 3262 707 3333 Antonius
725 3261 837 3332 Bettini
858 3286 898 3331 ex
919 3258 1028 3362 lesna-

171 3394 257 3452 tomm
279 3380 413 3471 ordine,
438 3379 536 3450 Sienis
552 3399 641 3450 natus
658 3404 746 3449 anno
774 3382 876 3472 1396.
898 3379 1028 3473 Episco-

170 3518 213 3586 pus
243 3498 416 3594 Fulginates
447 3517 567 3568 creatus
607 3522 693 3567 anno
715 3500 844 3585 Ι1461,
869 3516 899 3566 et
929 3495 1027 3566 sienis

170 3611 280 3686 denatus
301 3640 386 3685 anno
415 3614 530 3705 1487,
555 3635 708 3711 superstes
731 3614 788 3685 fuit
812 3615 902 3711 igitur
924 3615 970 3683 sui
992 3612 1027 3681 li-

170 3729 204 3801 bri
224 3733 481 3829 promulgationi.

207 3852 288 3943 Quis
317 3871 428 3924 autem
455 3853 548 3922 fuerit
577 3852 744 3947 figurarum
769 3869 878 3921 auctor
901 3865 932 3918 et
959 3844 1027 3943 quis

169 3992 260 4042 earum
284 3973 429 4063 incisor,
452 3973 659 4044 determinare
681 3970 832 4042 difficilius
857 3988 935 4058 est,
965 3992 1027 4038 ne-

168 4110 216 4181 nse
239 4092 435 4161 conveniunt
456 4090 497 4161 de
525 4093 588 4161 hoc
612 4092 693 4160 inter
718 4115 752 4159 se
780 4086 916 4160 eruditi:
945 4083 1029 4181 apud

167 4228 234 4297 quos
262 4234 323 4302 pro
349 4209 454 4301 primis
483 4209 534 4277 aeri
568 4192 671 4277 incisis
708 4207 827 4302 artique
854 4204 1028 4302 Typogra-

166 4324 253 4414 phicae
264 4326 355 4397 unitis
372 4327 580 4397 communiter
593 4326 768 4414 habentur,
787 4325 866 4396 sicut
878 4343 909 4394 et
921 4323 962 4393 ab
975 4347 1027 4391 eo·

166 4437 228 4512 dem
242 4444 360 4530 artifice
375 4446 583 4537 processisse,
600 4470 637 4515 ac
652 4445 711 4514 illae
725 4470 796 4539 quae
814 4468 902 4513 anno
923 4438 1027 4530 1481,

165 4550 271 4633 Dantis
285 4558 420 4632 ¹Inferno
442 4563 528 4635 fuere
548 4586 703 4653 annexae,
721 4563 785 4633 hoc
809 4579 856 4631 est
879 4580 921 4655 19
943 4557 1029 4653 prio·

166 4673 239 4753 sibus
258 4677 408 4761 cantibus,
