2925 6525
420 1044 490 1162 viij
533 1043 817 1131 MONlTUM
839 1044 922 1131 AD
937 1044 1269 1135 LECTOREM.

421 1180 482 1267 bit
495 1179 617 1264 libros
631 1179 683 1263 ab
696 1173 860 1263 inventi
879 1202 963 1261 arte
982 1178 1032 1262 ad
1048 1208 1197 1264 annum
1218 1184 1352 1295 1480,

421 1336 463 1397 et
483 1309 656 1396 secunda
682 1309 835 1392 abhoc
865 1338 973 1394 anno
1000 1310 1196 1395 adfinem
1225 1340 1351 1426 usque

413 1447 553 1555 ¹quinti
581 1440 723 1524 decimi
752 1436 911 1539 saeculi;
936 1465 976 1523 et
1004 1441 1085 1526 haec
1113 1440 1240 1553 praelo
1261 1442 1352 1529 sub-

419 1575 538 1687 jacet.

454 1792 459 1801 ,
491 1703 814 1816 Subscriptiones
835 1700 1055 1788 editionum
1073 1702 1348 1816 principalium
1370 1776 1376 1793 .

421 1864 488 1925 aut
516 1842 748 1952 ignotarum
769 1833 820 1918 ad
843 1840 1017 1945 apicem,
1049 1838 1243 1947 quantum
1267 1838 1348 1921 fieri

421 1972 578 2078 potuit,
595 1965 841 2072 referuntur3
856 1963 925 2049 sed
945 1991 1077 2048 tamen
1096 1993 1250 2050 errores
1265 1994 1348 2050 non

421 2098 665 2209 subrepsisse
690 2100 882 2181 affirmare
901 2102 969 2182 vix
989 2096 1188 2182 auderem.
1210 2101 1261 2182 ln
1277 2100 1348 2182 hu-

420 2226 483 2343 jus
505 2233 663 2344 generis
688 2226 876 2339 operibus
902 2233 1014 2311 omni
1037 2225 1196 2312 lectoris
1216 2226 1348 2314 indul·

420 2357 560 2479 gentid
580 2360 725 2478 dignus
749 2387 809 2443 est
829 2360 1022 2444 reductor.

477 2497 529 2577 In
556 2495 635 2576 fine
656 2496 778 2601 partis
800 2489 1010 2596 secundae,
1029 2489 1224 2576 addentur
1251 2498 1349 2604 qui·

422 2622 516 2708 dam
544 2620 704 2705 codices
730 2626 1013 2732 manuscripti,
1040 2646 1080 2705 et
1104 2649 1227 2706 errata
1248 2652 1349 2733 prae·

422 2756 540 2862 cipussa
567 2755 828 2865 corrigentur.
863 2751 959 2834 Haec
989 2777 1118 2835 autem
1144 2751 1349 2837 claudetur

423 2880 557 2966 indice
588 2879 835 2993 quadruplici
870 2912 944 2994 pro
971 2881 1131 2979 lectoris
1162 2881 1347 2969 utilitate.

420 3014 577 3098 Primus
593 3018 667 3095 erit
685 3040 891 3097 auctorum
915 3045 960 3099 ac
981 3044 1146 3124 operum
1162 3043 1176 3117 3
1208 3041 1349 3098 secun·

421 3143 497 3230 dus
518 3148 715 3249 materiae,
736 3173 803 3228 seu
822 3174 947 3228 rerum
969 3175 1057 3261 quae
1074 3129 1254 3256 inopere
1274 3145 1349 3230 ob·

422 3300 660 3378 servantur3
690 3282 827 3361 tertius
851 3277 1004 3361 urbium
1029 3277 1134 3387 apud
1158 3305 1255 3389 quas
1286 3284 1349 3360 in·

422 3434 575 3496 vectam
594 3408 711 3493 fuisse
731 3409 1055 3523 Typographiam
1083 3407 1226 3519 probat
1251 3437 1348 3519 prae·

423 3570 513 3627 sens
533 3539 762 3655 catalogum
788 3567 827 3623 er
846 3565 1006 3652 quartus
1030 3540 1188 3623 tandem
1208 3540 1349 3651 Typo·

424 3674 663 3788 graphorum
687 3678 757 3785 qui
785 3679 828 3756 in
852 3702 902 3756 eo
929 3699 1195 3757 recensentur.
1231 3772 1233 3775 y

592 3975 1180 4039 -0-
