2925 6525
431 1041 504 1145 428
696 1029 1087 1108 LIBRISUB

486 1175 662 1286 Impress.
691 1174 732 1255 in
759 1174 874 1256 lalnta
899 1168 1016 1252 cirade
1041 1167 1087 1290 de
1108 1163 1249 1250 venerio
1267 1161 1319 1244 olle

477 1326 611 1420 -s'pesse
636 1304 677 1386 di
701 1300 792 1388 Joh.
817 1303 861 1384 de
887 1300 1076 1405 Colonia,
1103 1323 1183 1382 etc.
1215 1320 1326 1406 1477,

360 1422 369 1451 Ι
488 1471 512 1518 a
536 1438 565 1518 li
592 1435 720 1550 giomi
746 1430 795 1516 X
813 1431 854 1516 di
880 1428 1106 1545 Septembre.
1139 1427 1273 1514 Iri-fol.

414 1574 416 1578 v
528 1602 614 1674 Vide
633 1601 768 1674 Debure
786 1598 857 1674 ΝΟ.
875 1600 983 1696 4348.

297 1801 414 1909 β*-
435 1805 491 1888 26
517 1796 680 1885 Postilla
707 1796 868 1882 Nicolai
893 1794 945 1880 de
972 1798 1080 1908 Lyra
1108 1825 1228 1908 super
1252 1822 1346 1908 qua-

279 1891 404 2081 §3ss
491 1958 583 2016 tuor
609 1916 815 2043 evangelia
845 1955 936 2012 cutn
969 1926 1245 2013 additionibus
1279 1926 1348 2012 do·

218 2094 222 2109 ··
485 2067 585 2146 mini
609 2058 720 2144 Pauli
742 2063 957 2174 Burgensis
987 2061 1182 2170 Episcopi
1204 2083 1353 2143 etcum

488 2191 812 2304 replicationibus
827 2192 977 2276 Fratris
997 2191 1153 2275 Mathei
1170 2190 1354 2304 Doringh

489 2321 643 2409 ordinis
669 2327 890 2408 Minorum.
917 2319 1057 2406 Infol.

529 2519 565 2589 In
597 2519 658 2590 fine
681 2506 820 2613 legitur:
848 2518 1024 2609 impressum
1054 2515 1199 2588 Menate
1223 2544 1282 2609 per
1310 2544 1357 2586 rne

481 2637 616 2705 Paulum
648 2635 805 2706 Iohannis
843 2636 886 2703 de.
917 2633 1065 2730 Puppacd
1104 2633 1355 2730 Maguntineruis

481 2750 637 2837 Dyoeesis
658 2752 715 2817 sub
730 2752 826 2818 annis
846 2742 903 2818 dni
924 2731 1149 2843 1477'115‘24
1170 2754 1282 2820 mensis
1296 2752 1356 2822 Ju-

481 2864 527 2931 lii.
545 2863 633 2932 Folia
653 2862 837 2956 signantur,
858 2883 890 2932 et
909 2865 1071 2936 character
1089 2866 1232 2960 gothicus
1248 2885 1305 2940 est.

249 3035 404 3172 pff*
434 3083 487 3159 27
507 3055 709 3141 Chronica
731 3086 971 3142 summorum
994 3060 1264 3166 Pontificum,
1281 3065 1353 3146 Irn-

188 3239 190 3242 ⁴
244 3221 291 3364 sp
489 3214 716 3301 pecatorum
735 3219 780 3275 ac
799 3189 848 3277 de
868 3218 1016 3302 septem
1040 3192 1220 3279 aetatibus
1243 3223 1353 3284 mun-

296 3318 300 3328 ’
354 3323 358 3332 ’
487 3322 559 3425 di,
580 3352 628 3405 cx
655 3325 804 3407 Sancto
827 3325 1062 3407 Hieronimo
1080 3322 1247 3437 aliisque
1269 3356 1353 3413 eru-

488 3452 581 3537 ditis
600 3482 805 3566 excerpta,
822 3482 982 3539 auctore
998 3457 1178 3539 Martino
1194 3456 1352 3540 Polono

489 3584 639 3669 ordinis
654 3585 1115 3697 Praedicatorum.1n·4⁰.
1132 3617 1187 3672 rn.
1205 3595 1349 3674 cirron.

527 3754 563 3824 ln
580 3753 642 3826 fine
661 3754 794 3849 legitur:
819 3755 947 3823 cronica
966 3756 1101 3825 Martini
1117 3758 1215 3845 finit:

528 3945 659 4015 Taurini
666 3946 782 4036 fhrntis
799 3949 879 4016 hanc
890 3952 1002 4041 pressit
1015 3971 1043 4017 er
1059 3976 1112 4018 cere
1128 3952 1289 4022 Iohannes

438 4144 441 4151 .
574 4084 667 4150 Fabri
685 4108 772 4173 quern
787 4086 878 4152 civem
893 4084 1045 4179 Lingones
1062 4090 1128 4157 alta
1145 4091 1226 4157 uelit.

526 4254 576 4330 M.
595 4255 729 4331 CCCC.
752 4256 922 4356 LXXVII.
941 4260 1008 4335 Die
1029 4283 1070 4357 23
1098 4262 1244 4360 Augusti.
1266 4260 1345 4336 Vide
