2925 6525
300 802 390 872 AD
440 803 707 873 ANNUM
765 806 866 895 1480.
976 813 1043 901 169

175 940 303 1010 ternion.
319 995 329 1026 ‚
343 962 372 1010 et
385 943 546 1011 foliorum.
567 943 662 1012 Caret
678 947 837 1038 signaturis
851 970 861 1024 ς
879 946 1039 1017 character

176 1058 321 1127 rotondus
344 1079 375 1128 et
398 1060 549 1152 elegans,
575 1060 669 1130 editio
690 1062 751 1131 huc
776 1087 875 1157 usque
902 1063 1020 1157 ignota.

216 1176 336 1245 Modus
365 1202 430 1271 quo
459 1178 598 1251 scribitur
625 1178 802 1249 Macssanae
826 1181 1043 1251 subministra·

179 1313 217 1362 ret
246 1291 408 1362 dubitandi
436 1295 621 1378 tationem,
651 1318 691 1363 an
722 1293 762 1363 de
787 1295 935 1365 Messana
965 1298 1045 1368 urbe

179 1408 302 1497 siciliae,
326 1434 366 1477 an
391 1408 470 1480 veri>
491 1408 530 1479 tle
554 1410 631 1481 urbe
652 1408 800 1480 Massam
822 1411 854 1481 in
869 1410 1045 1504 Toscrmfi,

175 1523 281 1595 debeat
312 1526 468 1620 intelligi;
503 1526 557 1596 sed
587 1526 745 1598 Henricus
774 1525 925 1621 Alding‚
958 1554 1044 1600 anno

178 1642 262 1735 1478
289 1643 442 1738 impressit
463 1646 643 1734 Messanoe,
668 1645 768 1733 ἱππ-40.
787 1629 967 1737 psalterium
992 1650 1045 1718 la·

174 1782 277 1832 enum.
878 1782 885 1801 ‘
1026 1784 1031 1807 ⁸

143 1959 199 2041 161
231 1958 381 2040 Aeneae
407 1956 517 2042 Silvii
545 1956 678 2041 Poetae
716 1961 898 2043 Laureati
934 1956 1044 2070 (cui
1100 1946 1278 2058 ,θέτ’

182 2114 215 2171 et
241 2119 316 2199 pro
337 2087 778 2207 pontificalidignitite
801 2093 875 2175 Pio
897 2088 1046 2175 nomen
1101 2114 1155 2250 β

182 2219 268 2332 est)
308 2226 352 2303 in
389 2217 697 2328 disputationem
735 2218 785 2304 de
827 2216 1046 2307 curialium
1162 2204 1171 2225 ⁸
1250 2207 1256 2220 ’

182 2357 331 2434 miseria
359 2350 408 2434 ad
438 2355 817 2462 perspicacissimum
845 2351 1044 2463 juriscon·
1232 2342 1234 2347 ¹
1277 2343 1280 2346 Α

183 2480 324 2567 sultum
352 2483 573 2570 iohannem
602 2484 688 2566 Ech
717 2490 955 2572 serenissimi
985 2484 1046 2569 di·

182 2620 298 2727 vique
327 2613 518 2723 Principis
542 2612 698 2698 Alberri
726 2615 892 2699 Caesaris
917 2622 1043 2700 invic·
1166 2672 1169 2677 -
1289 2638 1292 2643 '

184 2755 320 2833 tissimi
346 2746 504 2832 Alberri
530 2776 693 2865 quoque
716 2751 889 2845 Austriae
918 2748 1044 2831 Ducis

182 2879 316 2990 inclyti
360 2877 628 2964 consiliarium
676 2905 795 2995 atque
847 2903 1045 2964 oratorem
1079 2920 1081 2925 ’

141 3119 145 3125 .
185 3013 362 3129 praefatio
390 3008 553 3099 feliciter
585 3016 740 3123 incipit.
771 3014 927 3111 In-4⁰.

224 3219 426 3293 Terminatur
455 3221 502 3292 his
528 3221 632 3293 verbis
653 3220 732 3291 folio
756 3239 843 3290 recto
861 3244 870 3290 t
891 3223 977 3288 Vale
998 3221 1047 3290 vir

178 3338 278 3433 (nisi
308 3368 346 3409 ex
379 3342 550 3409 Curialr'bus
574 3365 654 3408 unus
692 3334 802 3432 esses)
839 3362 903 3404 meo
924 3335 1045 3427 judicio
1071 3363 1073 3368 ’

170 3460 325 3552 prudens,
346 3459 467 3525 Aeneae
485 3459 576 3526 Silvii
598 3459 633 3525 dc
651 3456 819 3525 Curialr'um
837 3456 959 3523 miseria*
977 3454 1047 3523 dis·

168 3579 288 3671 premio
300 3575 399 3665 finem
420 3576 507 3642 lrabet
518 3572 649 3661 felicem.

222 3694 270 3762 Ex
296 3716 343 3787 34
367 3689 465 3762 foliis.'
486 3691 603 3787 Pagina
630 3690 729 3785 prima
755 3690 851 3759 habet
878 3710 922 3757 22
950 3688 1048 3758 lineas

173 3828 206 3879 et
230 3811 337 3880 ultima
369 3834 421 3897 14.
450 3808 622 3880 Characrer
648 3828 679 3878 et
705 3807 811 3877 charta
836 3803 947 3876 eadem
970 3830 1046 3875 om·

172 3925 252 3996 nini)
276 3922 348 3997 s'unt
376 3952 411 3996 ac
434 3951 471 3995 en
499 3926 608 4020 quibus
632 3950 704 3996 usus
732 3943 778 3993 est
797 3916 957 4020 'Gering‚
985 3948 1045 4018 pro
1080 3930 1086 3943 ⁸

170 4046 284 4123 melier·
315 4045 400 4124 libris
430 4043 658 4113 Rethoricorum
691 4059 723 4111 et
757 4065 815 4133 pro
849 4030 1044 4116 Bessarior'ris
