2925 6525
294 1478 351 1601 ’Ὀ
379 1533 429 1605 ‘A
457 1535 490 1606 N
515 1514 548 1606 N
571 1535 608 1606 0
661 1558 766 1631 1479·
979 1560 1051 1637 459

205 1701 288 1781 riensi
309 1714 429 1804 esplicit
450 1712 606 1799 feliciter,
634 1713 690 1781 sub
717 1735 804 1779 anno
836 1714 916 1784 dom.
945 1717 1052 1787 milles.

206 1832 391 1926 qrtadn‘ngem.
409 1852 542 1924 septuag.
559 1853 654 1899 nono,
677 1826 765 1899 Cum
778 1827 882 1923 figuris
898 1829 1052 1920 miniatis,

205 1941 282 2017 habet
303 1948 486 2042 signaturas.

235 2103 268 2172 In
295 2103 355 2173 hac
381 2099 518 2172 editione
549 2127 609 2196 pro
636 2099 737 2195 primd
766 2100 837 2172 vice
870 2100 904 2170 fit
934 2099 1054 2173 mentio

197 2217 382 2313 Maguntinae
416 2219 499 2290 urbis
535 2244 594 2313 pro
629 2218 812 2289 inventione
843 2216 1055 2314 Typograph.

195 2338 268 2408 artis.
285 2337 369 2425 ¹Post
389 2336 486 2405 verba
507 2336 604 2405 relata
626 2335 658 2406 in
678 2335 815 2407 editione
837 2339 916 2404 anni
943 2359 1055 2428 1474,

193 2453 348 2549 sequentia
379 2451 580 2522 subduntur:
616 2474 714 2521 ortum
748 2454 885 2522 habentes
914 2456 965 2542 in,
978 2453 1057 2521 Mo-

189 2574 304 2666 gontia.
330 2569 411 2640 Non
439 2571 549 2664 parirnr
581 2588 686 2640 tamen
714 2571 870 2664 singulare
897 2566 1059 2664 estquod

191 2688 327 2773 Zellius‚
350 2689 404 2783 qui
419 2688 483 2775 jam
501 2688 541 2756 ab
558 2712 644 2757 anno
667 2690 780 2780 1467,
800 2667 947 2770 Coloniae
963 2685 1058 2779 praela

191 2807 365 2892 movebat,
392 2829 460 2875 non
492 2803 574 2899 prids
607 2803 771 2876 edocuerit
805 2804 962 2876 chronicae
991 2799 1058 2889 eius
1119 2895 1125 2904 ¹

192 2921 324 2992 editores
345 2921 385 2991 de
405 2922 478 2993 facti
502 2918 592 3010 hujus
614 2922 802 2992 narratione.
833 2920 865 2990 Si
888 2945 965 3014 ergo
984 2921 1060 2991 Co-

193 3039 283 3108 loniae
315 3057 388 3108 tunc
421 3039 571 3132 tenqsoris
604 3037 657 3106 vix
689 3038 778 3107 locus
816 3037 887 3107 artis
922 3038 1059 3108 inventae

195 3157 381 3243 constabat,
403 3156 517 3224 mirum
543 3173 681 3224 nonest
706 3155 789 3224 hunc
816 3154 973 3249 ignorasse
1000 3180 1061 3226 ex·

196 3292 271 3344 teras
292 3292 325 3344 et
343 3273 529 3344 remotiores
551 3273 687 3367 Europae
706 3292 820 3367 partes.
1035 3278 1037 3284 ’

167 3532 201 3619 15
223 3505 409 3593 Guilelmi
428 3504 581 3589 Peraldi
600 3508 879 3620 Lugdunensis
905 3509 1064 3592 Archie·
1113 3440 1277 3675 5375&

204 3644 388 3750 piscopi‚
422 3636 573 3724 ordinis
608 3638 909 3725 Praedicatorunr
952 3640 1064 3721 Sum·⁴
1127 3710 1135 3730 ‚s
1164 3660 1258 3771 ms)

206 3800 266 3855 ma
302 3776 502 3855 vitiorum.
548 3770 733 3884 Impressa
754 3805 828 3885 per
859 3770 1063 3853 Henricum
1133 3786 1142 3795 ⁴

213 3902 396 4013 Quentell.
447 3902 699 3984 Coloniensem
736 3895 913 3985 ⁸incolum
965 3930 1064 3981 anno
1115 3998 1118 4002 ,

208 4033 306 4115 dom.
342 4060 477 4144 1479,
501 4034 661 4146 expleto,
691 4030 825 4119 In-fol.
853 4061 905 4115 m.
932 4061 966 4115 r.

248 4259 333 4330 Cum
356 4260 516 4354 signaturis
543 4281 575 4331 et
601 4260 782 4355 paginarum
811 4258 901 4329 titulis
922 4256 954 4325 in
984 4281 1067 4327 sum·

204 4380 319 4448 mirate.
344 4380 458 4449 Praeest
481 4379 584 4449 tabula
612 4403 653 4447 ro
679 4377 836 4446 foliorum.
865 4376 1009 4469 Catalog.
1038 4376 1068 4443 la

204 4497 344 4565 Vallidre
362 4497 410 4564 N⁰
433 4495 518 4565 1281
536 4550 546 4582 ,
564 4495 657 4565 refert
674 4492 813 4582 ejusdem
831 4492 964 4564 auctoris
976 4494 1070 4559 Sum·

204 4642 287 4684 mom
299 4618 333 4682 de
345 4618 524 4702 vitutibus,
541 4611 680 4701 ejusdem
697 4613 769 4681 anni
786 4636 822 4681 ac
842 4607 1071 4704 Typographi,

202 4729 245 4800 de
269 4730 331 4827 quai
352 4733 383 4801 in
406 4729 496 4821 hujus
518 4729 742 4824 subscriptione
763 4729 797 4798 fit
818 4726 950 4799 menti0.
1162 4722 1163 4725 '

910 5041 913 5050 t

1102 5133 1108 5142 l

1171 5163 1177 5176 ι
1212 5161 1219 5176 ι

1144 5183 1163 5198 ,ιι

1086 5223 1091 5234 Ι

1027 5272 1031 5280 .

1022 5303 1026 5316 ι
1065 5297 1079 5326 '¹

1052 5413 1059 5424 Ι

1033 5455 1055 5476 Ἰ’.

1010 5571 1018 5588 Ι
