<?xml version="1.0" encoding="UTF-8"?>
<!DOCTYPE html PUBLIC "-//W3C//DTD XHTML 1.0 Transitional//EN"
    "http://www.w3.org/TR/xhtml1/DTD/xhtml1-transitional.dtd">
<html xmlns="http://www.w3.org/1999/xhtml" xml:lang="en" lang="en">
 <head>
  <title>
</title>
<meta http-equiv="Content-Type" content="text/html;charset=utf-8" />
  <meta name='ocr-system' content='tesseract 3.04.00' />
  <meta name='ocr-capabilities' content='ocr_page ocr_carea ocr_par ocr_line ocrx_word'/>
</head>
<body>
  <div class='ocr_page' id='page_1' title='image "./indexlibrorumab01lairgoog_0173.png"; bbox 0 0 2925 6525; ppageno 0'>
   <div class='ocr_carea' id='block_1_1' title="bbox 219 1471 1069 2053">
    <p class='ocr_par' dir='ltr' id='par_1_1' title="bbox 219 1471 1069 2053">
     <span class='ocr_line' id='line_1_1' title="bbox 330 1471 1069 1574; baseline 0.003 -29"><span class='ocrx_word' id='word_1_1' title='bbox 330 1472 363 1545; x_wconf 69' lang='lat' dir='ltr'>A</span> <span class='ocrx_word' id='word_1_2' title='bbox 385 1471 422 1546; x_wconf 93' lang='lat' dir='ltr'>D</span> <span class='ocrx_word' id='word_1_3' title='bbox 473 1473 506 1544; x_wconf 84' lang='grc' dir='ltr'><strong>Α</strong></span> <span class='ocrx_word' id='word_1_4' title='bbox 530 1472 564 1544; x_wconf 89' lang='grc' dir='ltr'>Ν</span> <span class='ocrx_word' id='word_1_5' title='bbox 588 1471 622 1543; x_wconf 84' lang='grc' dir='ltr'>Ν</span> <span class='ocrx_word' id='word_1_6' title='bbox 645 1473 679 1547; x_wconf 92' lang='lat' dir='ltr'>U</span> <span class='ocrx_word' id='word_1_7' title='bbox 703 1473 742 1543; x_wconf 89' lang='lat' dir='ltr'>M</span> <span class='ocrx_word' id='word_1_8' title='bbox 795 1473 899 1566; x_wconf 80' lang='lat'><strong>1480.</strong></span> <span class='ocrx_word' id='word_1_9' title='bbox 994 1495 1069 1574; x_wconf 59' lang='grc' dir='ltr'>ϊςςΥ</span> 
     </span>
     <span class='ocr_line' id='line_1_2' title="bbox 219 1610 932 1710; baseline 0.001 -25"><span class='ocrx_word' id='word_1_10' title='bbox 219 1613 300 1685; x_wconf 76' lang='lat' dir='ltr'>Hac</span> <span class='ocrx_word' id='word_1_11' title='bbox 312 1610 400 1701; x_wconf 78' lang='lat' dir='ltr'>refert</span> <span class='ocrx_word' id='word_1_12' title='bbox 412 1614 530 1684; x_wconf 72' lang='lat' dir='ltr'>celebris</span> <span class='ocrx_word' id='word_1_13' title='bbox 545 1615 656 1684; x_wconf 85' lang='lat' dir='ltr'>ricardi</span> <span class='ocrx_word' id='word_1_14' title='bbox 667 1617 810 1710; x_wconf 79' lang='lat' dir='ltr'><em>dogmata</em></span> <span class='ocrx_word' id='word_1_15' title='bbox 826 1617 932 1687; x_wconf 79' lang='lat' dir='ltr'>codex.</span> 
     </span>
     <span class='ocr_line' id='line_1_3' title="bbox 274 1712 933 1827; baseline 0.005 -27"><span class='ocrx_word' id='word_1_16' title='bbox 274 1733 374 1826; x_wconf 78' lang='lat' dir='ltr'>Quem</span> <span class='ocrx_word' id='word_1_17' title='bbox 386 1734 495 1827; x_wconf 81' lang='lat' dir='ltr'>genuit</span> <span class='ocrx_word' id='word_1_18' title='bbox 509 1732 688 1801; x_wconf 77' lang='lat' dir='ltr'>Mediouilla</span> <span class='ocrx_word' id='word_1_19' title='bbox 704 1735 808 1802; x_wconf 72' lang='lat' dir='ltr'>decora</span> <span class='ocrx_word' id='word_1_20' title='bbox 822 1712 933 1803; x_wconf 78' lang='lat' dir='ltr'>virum.</span> 
     </span>
     <span class='ocr_line' id='line_1_4' title="bbox 221 1846 970 1943; baseline -0.005 -23"><span class='ocrx_word' id='word_1_21' title='bbox 221 1846 970 1943; x_wconf 76' lang='lat' dir='ltr'>Taliburhucumiensamoldaaborigimfixit,</span> 
     </span>
     <span class='ocr_line' id='line_1_5' title="bbox 270 1961 947 2053; baseline 0.001 -20"><span class='ocrx_word' id='word_1_22' title='bbox 270 1961 476 2053; x_wconf 70' lang='lat' dir='ltr'>christoforus</span> <span class='ocrx_word' id='word_1_23' title='bbox 489 1986 594 2036; x_wconf 78' lang='lat' dir='ltr'>veneta</span> <span class='ocrx_word' id='word_1_24' title='bbox 610 1968 708 2033; x_wconf 88' lang='lat' dir='ltr'>clarus</span> <span class='ocrx_word' id='word_1_25' title='bbox 720 1966 755 2032; x_wconf 82' lang='lat' dir='ltr'>in</span> <span class='ocrx_word' id='word_1_26' title='bbox 771 1966 840 2032; x_wconf 84' lang='lat' dir='ltr'>urbe</span> <span class='ocrx_word' id='word_1_27' title='bbox 855 1965 947 2034; x_wconf 79' lang='lat' dir='ltr'>notis.</span> 
     </span>
    </p>
   </div>
   <div class='ocr_carea' id='block_1_2' title="bbox 192 2098 1137 2667">
    <p class='ocr_par' dir='ltr' id='par_1_2' title="bbox 192 2098 1137 2667">
     <span class='ocr_line' id='line_1_6' title="bbox 244 2098 1069 2195; baseline 0.002 -26"><span class='ocrx_word' id='word_1_28' title='bbox 244 2100 333 2171; x_wconf 80' lang='lat' dir='ltr'>Folia</span> <span class='ocrx_word' id='word_1_29' title='bbox 349 2099 507 2195; x_wconf 78' lang='lat' dir='ltr'>signantur</span> <span class='ocrx_word' id='word_1_30' title='bbox 519 2118 553 2171; x_wconf 89' lang='lat' dir='ltr'>et</span> <span class='ocrx_word' id='word_1_31' title='bbox 568 2100 700 2171; x_wconf 86' lang='lat' dir='ltr'>habetur</span> <span class='ocrx_word' id='word_1_32' title='bbox 715 2098 878 2194; x_wconf 86' lang='lat' dir='ltr'>registrum</span> <span class='ocrx_word' id='word_1_33' title='bbox 898 2101 1069 2195; x_wconf 71' lang='lat' dir='ltr'>signatinu-</span> 
     </span>
     <span class='ocr_line' id='line_1_7' title="bbox 192 2215 1072 2320; baseline 0 -33"><span class='ocrx_word' id='word_1_34' title='bbox 192 2241 277 2289; x_wconf 85' lang='lat' dir='ltr'>tum.</span> <span class='ocrx_word' id='word_1_35' title='bbox 309 2215 485 2288; x_wconf 85' lang='lat' dir='ltr'>Characrer</span> <span class='ocrx_word' id='word_1_36' title='bbox 512 2217 655 2312; x_wconf 84' lang='lat' dir='ltr'>gothicus</span> <span class='ocrx_word' id='word_1_37' title='bbox 682 2234 730 2287; x_wconf 83' lang='lat' dir='ltr'>est</span> <span class='ocrx_word' id='word_1_38' title='bbox 757 2231 790 2287; x_wconf 92' lang='lat' dir='ltr'>et</span> <span class='ocrx_word' id='word_1_39' title='bbox 817 2216 1072 2320; x_wconf 83' lang='lat' dir='ltr'>Typographum</span> 
     </span>
     <span class='ocr_line' id='line_1_8' title="bbox 192 2331 1137 2429; baseline -0.001 -26"><span class='ocrx_word' id='word_1_40' title='bbox 192 2334 303 2404; x_wconf 87' lang='lat' dir='ltr'>habuit</span> <span class='ocrx_word' id='word_1_41' title='bbox 314 2331 583 2428; x_wconf 72' lang='lat' dir='ltr'>christophorum</span> <span class='ocrx_word' id='word_1_42' title='bbox 597 2332 774 2404; x_wconf 85' lang='lat' dir='ltr'>Amoldum</span> <span class='ocrx_word' id='word_1_43' title='bbox 787 2334 841 2429; x_wconf 90' lang='lat' dir='ltr'>qui</span> <span class='ocrx_word' id='word_1_44' title='bbox 854 2332 1014 2423; x_wconf 86' lang='lat' dir='ltr'>Veneriis,</span> <span class='ocrx_word' id='word_1_45' title='bbox 1030 2331 1088 2402; x_wconf 77' lang='lat' dir='ltr'>ah.</span> <span class='ocrx_word' id='word_1_46' title='bbox 1134 2406 1137 2415; x_wconf 60' lang='grc'><strong>,</strong></span> 
     </span>
     <span class='ocr_line' id='line_1_9' title="bbox 194 2448 1071 2549; baseline 0 -29"><span class='ocrx_word' id='word_1_47' title='bbox 194 2474 285 2521; x_wconf 86' lang='lat' dir='ltr'>anno</span> <span class='ocrx_word' id='word_1_48' title='bbox 312 2474 420 2544; x_wconf 85' lang='lat'>1472,</span> <span class='ocrx_word' id='word_1_49' title='bbox 438 2477 536 2548; x_wconf 86' lang='lat' dir='ltr'>usque</span> <span class='ocrx_word' id='word_1_50' title='bbox 553 2451 593 2523; x_wconf 86' lang='lat' dir='ltr'>ad</span> <span class='ocrx_word' id='word_1_51' title='bbox 615 2450 704 2545; x_wconf 82' lang='lat'>1478</span> <span class='ocrx_word' id='word_1_52' title='bbox 727 2475 788 2526; x_wconf 86' lang='lat' dir='ltr'>nec</span> <span class='ocrx_word' id='word_1_53' title='bbox 814 2448 893 2521; x_wconf 65' lang='lat' dir='ltr'>ultrei</span> <span class='ocrx_word' id='word_1_54' title='bbox 914 2470 1071 2549; x_wconf 80' lang='lat' dir='ltr'>typogra-</span> 
     </span>
     <span class='ocr_line' id='line_1_10' title="bbox 196 2558 1080 2667; baseline 0.008 -32"><span class='ocrx_word' id='word_1_55' title='bbox 196 2566 307 2667; x_wconf 83' lang='lat' dir='ltr'>phiam</span> <span class='ocrx_word' id='word_1_56' title='bbox 326 2569 477 2643; x_wconf 82' lang='lat' dir='ltr'>exercuit.</span> <span class='ocrx_word' id='word_1_57' title='bbox 1078 2558 1080 2571; x_wconf 50' lang='lat'><strong>¹</strong></span> 
     </span>
    </p>
   </div>
   <div class='ocr_carea' id='block_1_3' title="bbox 149 2704 1284 2991">
    <p class='ocr_par' dir='ltr' id='par_1_3' title="bbox 149 2704 1284 2991">
     <span class='ocr_line' id='line_1_11' title="bbox 149 2704 1284 2858; baseline 0.001 -28"><span class='ocrx_word' id='word_1_58' title='bbox 149 2767 232 2858; x_wconf 85' lang='lat'>132</span> <span class='ocrx_word' id='word_1_59' title='bbox 262 2744 410 2825; x_wconf 91' lang='lat' dir='ltr'>Bonini</span> <span class='ocrx_word' id='word_1_60' title='bbox 429 2742 655 2826; x_wconf 84' lang='lat' dir='ltr'>Mombritii</span> <span class='ocrx_word' id='word_1_61' title='bbox 677 2766 763 2828; x_wconf 86' lang='lat' dir='ltr'>acta</span> <span class='ocrx_word' id='word_1_62' title='bbox 784 2768 825 2826; x_wconf 86' lang='lat' dir='ltr'>et</span> <span class='ocrx_word' id='word_1_63' title='bbox 843 2747 933 2826; x_wconf 80' lang='lat' dir='ltr'>virae</span> <span class='ocrx_word' id='word_1_64' title='bbox 952 2766 1073 2829; x_wconf 81' lang='lat' dir='ltr'>sanc·</span> <span class='ocrx_word' id='word_1_65' title='bbox 1128 2704 1284 2831; x_wconf 51' lang='lat' dir='ltr'>ff*</span> 
     </span>
     <span class='ocr_line' id='line_1_12' title="bbox 206 2828 1282 2991; baseline 0 -37"><span class='ocrx_word' id='word_1_66' title='bbox 206 2898 354 2958; x_wconf 88' lang='lat' dir='ltr'>torum.</span> <span class='ocrx_word' id='word_1_67' title='bbox 382 2873 520 2960; x_wconf 87' lang='lat' dir='ltr'>ln·fol.</span> <span class='ocrx_word' id='word_1_68' title='bbox 546 2874 669 2956; x_wconf 90' lang='lat' dir='ltr'>Tomi</span> <span class='ocrx_word' id='word_1_69' title='bbox 694 2871 791 2959; x_wconf 90' lang='lat' dir='ltr'>duo.</span> <span class='ocrx_word' id='word_1_70' title='bbox 822 2876 935 2973; x_wconf 78' lang='lat' dir='ltr'>Cart.</span> <span class='ocrx_word' id='word_1_71' title='bbox 1105 2875 1186 2991; x_wconf 52' lang='lat'>55</span> <span class='ocrx_word' id='word_1_72' title='bbox 1212 2828 1282 2991; x_wconf 50' lang='lat' dir='ltr'><em>ss</em></span> 
     </span>
    </p>
   </div>
   <div class='ocr_carea' id='block_1_4' title="bbox 197 3060 1183 3835">
    <p class='ocr_par' dir='ltr' id='par_1_4' title="bbox 197 3060 1077 3269">
     <span class='ocr_line' id='line_1_13' title="bbox 247 3060 1071 3159; baseline 0.006 -30"><span class='ocrx_word' id='word_1_73' title='bbox 247 3060 403 3156; x_wconf 67' lang='lat' dir='ltr'>Apprime</span> <span class='ocrx_word' id='word_1_74' title='bbox 436 3063 608 3134; x_wconf 85' lang='lat' dir='ltr'>conformis</span> <span class='ocrx_word' id='word_1_75' title='bbox 637 3081 684 3132; x_wconf 88' lang='lat' dir='ltr'>est</span> <span class='ocrx_word' id='word_1_76' title='bbox 712 3060 915 3157; x_wconf 76' lang='lat' dir='ltr'>descriptioni</span> <span class='ocrx_word' id='word_1_77' title='bbox 938 3063 1071 3159; x_wconf 83' lang='lat' dir='ltr'>bibliogr.</span> 
     </span>
     <span class='ocr_line' id='line_1_14' title="bbox 197 3170 1077 3269; baseline -0.006 -20"><span class='ocrx_word' id='word_1_78' title='bbox 197 3182 288 3250; x_wconf 72' lang='lat' dir='ltr'>insu.</span> <span class='ocrx_word' id='word_1_79' title='bbox 305 3170 490 3269; x_wconf 77' lang='lat' dir='ltr'>No.‘4618.</span> <span class='ocrx_word' id='word_1_80' title='bbox 1075 3242 1077 3244; x_wconf 82' lang='grc'><strong>,</strong></span> 
     </span>
    </p>

    <p class='ocr_par' dir='ltr' id='par_1_5' title="bbox 198 3296 1183 3835">
     <span class='ocr_line' id='line_1_15' title="bbox 248 3296 1074 3391; baseline 0.002 -27"><span class='ocrx_word' id='word_1_81' title='bbox 248 3297 283 3363; x_wconf 92' lang='lat' dir='ltr'>ln</span> <span class='ocrx_word' id='word_1_82' title='bbox 301 3315 393 3365; x_wconf 91' lang='lat' dir='ltr'>tomo</span> <span class='ocrx_word' id='word_1_83' title='bbox 409 3297 512 3390; x_wconf 89' lang='lat' dir='ltr'>primo</span> <span class='ocrx_word' id='word_1_84' title='bbox 530 3297 606 3366; x_wconf 86' lang='lat' dir='ltr'>nihil</span> <span class='ocrx_word' id='word_1_85' title='bbox 624 3296 757 3368; x_wconf 75' lang='lat' dir='ltr'>omnini)</span> <span class='ocrx_word' id='word_1_86' title='bbox 778 3296 865 3367; x_wconf 86' lang='lat' dir='ltr'>deest</span> <span class='ocrx_word' id='word_1_87' title='bbox 876 3315 987 3391; x_wconf 81' lang='lat' dir='ltr'>praeter</span> <span class='ocrx_word' id='word_1_88' title='bbox 1003 3296 1074 3373; x_wconf 87' lang='lat' dir='ltr'>uhi·</span> 
     </span>
     <span class='ocr_line' id='line_1_16' title="bbox 198 3412 1073 3509; baseline 0.002 -26"><span class='ocrx_word' id='word_1_89' title='bbox 198 3438 289 3483; x_wconf 88' lang='lat' dir='ltr'>mum</span> <span class='ocrx_word' id='word_1_90' title='bbox 317 3414 425 3484; x_wconf 83' lang='lat' dir='ltr'>folium</span> <span class='ocrx_word' id='word_1_91' title='bbox 457 3412 563 3482; x_wconf 90' lang='lat' dir='ltr'>indicis</span> <span class='ocrx_word' id='word_1_92' title='bbox 598 3414 630 3481; x_wconf 89' lang='lat' dir='ltr'>in</span> <span class='ocrx_word' id='word_1_93' title='bbox 666 3416 831 3509; x_wconf 75' lang='lat' dir='ltr'>principio.</span> <span class='ocrx_word' id='word_1_94' title='bbox 863 3415 898 3482; x_wconf 92' lang='lat' dir='ltr'>ln</span> <span class='ocrx_word' id='word_1_95' title='bbox 932 3414 1073 3485; x_wconf 85' lang='lat' dir='ltr'>secundo</span> 
     </span>
     <span class='ocr_line' id='line_1_17' title="bbox 199 3528 1076 3625; baseline 0.005 -28"><span class='ocrx_word' id='word_1_96' title='bbox 199 3529 458 3601; x_wconf 83' lang='lat' dir='ltr'>deficiunt-eriam</span> <span class='ocrx_word' id='word_1_97' title='bbox 473 3528 539 3599; x_wconf 88' lang='lat' dir='ltr'>duo</span> <span class='ocrx_word' id='word_1_98' title='bbox 558 3529 634 3599; x_wconf 86' lang='lat' dir='ltr'>folia</span> <span class='ocrx_word' id='word_1_99' title='bbox 650 3529 758 3600; x_wconf 85' lang='lat' dir='ltr'>indicis</span> <span class='ocrx_word' id='word_1_100' title='bbox 777 3551 809 3600; x_wconf 88' lang='lat' dir='ltr'>et</span> <span class='ocrx_word' id='word_1_101' title='bbox 825 3532 857 3600; x_wconf 90' lang='lat' dir='ltr'>in</span> <span class='ocrx_word' id='word_1_102' title='bbox 873 3531 936 3604; x_wconf 83' lang='lat' dir='ltr'>fine</span> <span class='ocrx_word' id='word_1_103' title='bbox 956 3530 1076 3625; x_wconf 87' lang='lat' dir='ltr'>aliquid</span> 
     </span>
     <span class='ocr_line' id='line_1_18' title="bbox 200 3630 1183 3742; baseline 0.003 -28"><span class='ocrx_word' id='word_1_104' title='bbox 200 3644 242 3714; x_wconf 86' lang='lat' dir='ltr'>de</span> <span class='ocrx_word' id='word_1_105' title='bbox 267 3644 330 3714; x_wconf 69' lang='lat' dir='ltr'>viri</span> <span class='ocrx_word' id='word_1_106' title='bbox 351 3630 473 3717; x_wconf 71' lang='lat' dir='ltr'>Sinctae</span> <span class='ocrx_word' id='word_1_107' title='bbox 490 3645 630 3717; x_wconf 86' lang='lat' dir='ltr'>Monicae</span> <span class='ocrx_word' id='word_1_108' title='bbox 654 3646 741 3742; x_wconf 92' lang='lat' dir='ltr'>quod</span> <span class='ocrx_word' id='word_1_109' title='bbox 767 3673 876 3717; x_wconf 83' lang='lat' dir='ltr'>manus</span> <span class='ocrx_word' id='word_1_110' title='bbox 894 3648 1074 3741; x_wconf 88' lang='lat' dir='ltr'>supplevit,</span> <span class='ocrx_word' id='word_1_111' title='bbox 1181 3734 1183 3738; x_wconf 11' lang='lat' dir='ltr'>y</span> 
     </span>
     <span class='ocr_line' id='line_1_19' title="bbox 202 3760 1076 3835; baseline -0.002 -4"><span class='ocrx_word' id='word_1_112' title='bbox 202 3761 468 3833; x_wconf 80' lang='lat' dir='ltr'>sedhahetvitam</span> <span class='ocrx_word' id='word_1_113' title='bbox 485 3762 589 3833; x_wconf 86' lang='lat' dir='ltr'>Sancti</span> <span class='ocrx_word' id='word_1_114' title='bbox 603 3763 732 3834; x_wconf 82' lang='lat' dir='ltr'>Nicasii.</span> <span class='ocrx_word' id='word_1_115' title='bbox 748 3765 882 3835; x_wconf 68' lang='lat' dir='ltr'>Aliunde</span> <span class='ocrx_word' id='word_1_116' title='bbox 892 3766 957 3833; x_wconf 90' lang='lat' dir='ltr'>hoc</span> <span class='ocrx_word' id='word_1_117' title='bbox 969 3760 1076 3832; x_wconf 80' lang='lat' dir='ltr'>exem-</span> 
     </span>
    </p>
   </div>
   <div class='ocr_carea' id='block_1_5' title="bbox 203 3878 1074 4089">
    <p class='ocr_par' dir='ltr' id='par_1_6' title="bbox 203 3878 1074 4089">
     <span class='ocr_line' id='line_1_20' title="bbox 203 3878 1074 3972; baseline 0 -25"><span class='ocrx_word' id='word_1_118' title='bbox 203 3880 271 3971; x_wconf 81' lang='lat' dir='ltr'>plar</span> <span class='ocrx_word' id='word_1_119' title='bbox 288 3898 333 3948; x_wconf 88' lang='lat' dir='ltr'>est</span> <span class='ocrx_word' id='word_1_120' title='bbox 345 3880 472 3972; x_wconf 82' lang='lat' dir='ltr'>oprimae</span> <span class='ocrx_word' id='word_1_121' title='bbox 486 3880 732 3951; x_wconf 85' lang='lat' dir='ltr'>conversationis</span> <span class='ocrx_word' id='word_1_122' title='bbox 749 3900 782 3951; x_wconf 89' lang='lat' dir='ltr'>et</span> <span class='ocrx_word' id='word_1_123' title='bbox 797 3905 870 3952; x_wconf 89' lang='lat' dir='ltr'>cum</span> <span class='ocrx_word' id='word_1_124' title='bbox 882 3878 1074 3971; x_wconf 83' lang='lat' dir='ltr'>amplissimis</span> 
     </span>
     <span class='ocr_line' id='line_1_21' title="bbox 203 3980 730 4089; baseline 0.006 -24"><span class='ocrx_word' id='word_1_125' title='bbox 203 3996 403 4089; x_wconf 84' lang='lat' dir='ltr'>marginibus.</span> <span class='ocrx_word' id='word_1_126' title='bbox 727 3980 730 3986; x_wconf 92' lang='lat'>.</span> 
     </span>
    </p>
   </div>
   <div class='ocr_carea' id='block_1_6' title="bbox 160 4130 1319 4533">
    <p class='ocr_par' dir='ltr' id='par_1_7' title="bbox 160 4130 1319 4533">
     <span class='ocr_line' id='line_1_22' title="bbox 160 4130 1319 4279; baseline -0.003 -22"><span class='ocrx_word' id='word_1_127' title='bbox 160 4194 233 4275; x_wconf 81' lang='lat'>133</span> <span class='ocrx_word' id='word_1_128' title='bbox 268 4171 417 4266; x_wconf 84' lang='lat' dir='ltr'>Bonini</span> <span class='ocrx_word' id='word_1_129' title='bbox 443 4168 667 4253; x_wconf 86' lang='lat' dir='ltr'>Mombririi</span> <span class='ocrx_word' id='word_1_130' title='bbox 686 4149 743 4252; x_wconf 85' lang='lat' dir='ltr'>¹ad</span> <span class='ocrx_word' id='word_1_131' title='bbox 773 4169 926 4253; x_wconf 84' lang='lat' dir='ltr'>Sixrum</span> <span class='ocrx_word' id='word_1_132' title='bbox 956 4194 1075 4279; x_wconf 81' lang='lat' dir='ltr'>quar·</span> <span class='ocrx_word' id='word_1_133' title='bbox 1156 4130 1319 4254; x_wconf 31' lang='grc' dir='ltr'>βῆ</span> 
     </span>
     <span class='ocr_line' id='line_1_23' title="bbox 215 4246 1284 4425; baseline -0.002 -45"><span class='ocrx_word' id='word_1_134' title='bbox 215 4325 299 4382; x_wconf 89' lang='lat' dir='ltr'>turn</span> <span class='ocrx_word' id='word_1_135' title='bbox 332 4299 381 4384; x_wconf 91' lang='lat' dir='ltr'>de</span> <span class='ocrx_word' id='word_1_136' title='bbox 413 4300 613 4384; x_wconf 85' lang='lat' dir='ltr'>dominica</span> <span class='ocrx_word' id='word_1_137' title='bbox 636 4306 820 4412; x_wconf 84' lang='lat' dir='ltr'>passione</span> <span class='ocrx_word' id='word_1_138' title='bbox 851 4324 1076 4412; x_wconf 83' lang='lat' dir='ltr'>poematum</span> <span class='ocrx_word' id='word_1_139' title='bbox 1141 4246 1284 4425; x_wconf 51' lang='grc' dir='ltr'>ώςρξ</span> 
     </span>
     <span class='ocr_line' id='line_1_24' title="bbox 213 4430 571 4533; baseline -0.003 -17"><span class='ocrx_word' id='word_1_140' title='bbox 213 4430 305 4516; x_wconf 91' lang='lat' dir='ltr'>libri</span> <span class='ocrx_word' id='word_1_141' title='bbox 328 4460 407 4515; x_wconf 86' lang='lat' dir='ltr'>sex.</span> <span class='ocrx_word' id='word_1_142' title='bbox 438 4434 571 4533; x_wconf 81' lang='lat' dir='ltr'>ln·4⁰.</span> 
     </span>
    </p>
   </div>
   <div class='ocr_carea' id='block_1_7' title="bbox 199 4581 1075 4794">
    <p class='ocr_par' dir='ltr' id='par_1_8' title="bbox 199 4581 1075 4794">
     <span class='ocr_line' id='line_1_25' title="bbox 199 4581 1075 4695; baseline 0.007 -26"><span class='ocrx_word' id='word_1_143' title='bbox 199 4581 202 4586; x_wconf 30' lang='lat'><strong><em>¹</em></strong></span> <span class='ocrx_word' id='word_1_144' title='bbox 254 4601 410 4695; x_wconf 85' lang='lat' dir='ltr'>Legitur:</span> <span class='ocrx_word' id='word_1_145' title='bbox 438 4627 514 4691; x_wconf 86' lang='lat' dir='ltr'>opus</span> <span class='ocrx_word' id='word_1_146' title='bbox 547 4606 722 4693; x_wconf 83' lang='lat' dir='ltr'>impressum</span> <span class='ocrx_word' id='word_1_147' title='bbox 752 4603 823 4673; x_wconf 78' lang='lat' dir='ltr'>er&#39;</span> <span class='ocrx_word' id='word_1_148' title='bbox 839 4612 896 4694; x_wconf 83' lang='lat' dir='ltr'>p&#39;tt</span> <span class='ocrx_word' id='word_1_149' title='bbox 928 4603 1075 4675; x_wconf 78' lang='lat' dir='ltr'>Antoniri</span> 
     </span>
     <span class='ocr_line' id='line_1_26' title="bbox 207 4719 585 4794; baseline 0.024 -9"><span class='ocrx_word' id='word_1_150' title='bbox 207 4719 358 4793; x_wconf 79' lang='lat' dir='ltr'>Zarotum</span> <span class='ocrx_word' id='word_1_151' title='bbox 381 4721 585 4794; x_wconf 69' lang='lat' dir='ltr'>parmensem.</span> 
     </span>
    </p>
   </div>
   <div class='ocr_carea' id='block_1_8' title="bbox 0 0 1607 6525">
    <p class='ocr_par' dir='ltr' id='par_1_9' title="bbox 0 0 1607 6525">
     <span class='ocr_line' id='line_1_27' title="bbox 0 0 1607 6525; baseline 0 0"><span class='ocrx_word' id='word_1_152' title='bbox 0 0 1607 6525; x_wconf 95' lang='lat' dir='ltr'> </span> 
     </span>
    </p>
   </div>
  </div>
 </body>
</html>
