2925 6525
426 1043 512 1138 3w‚
689 1025 1081 1103 xtssxtsoss
1307 1138 1310 1149 Ι

474 1175 540 1246 2012
565 1169 700 1240 nument
722 1167 763 1238 aa
790 1162 1042 1262 typographos·
1076 1160 1173 1233 Caret
1195 1160 1303 1257 sort,
1344 1237 1381 1291 ‚7

472 1314 560 1361 nutn.
593 1308 625 1357 et
658 1283 781 1356 custod.

210 1460 221 1477 μ
336 1432 352 1469 r
1083 1400 1094 1431 ¹

167 1441 346 1630 §3227ss
429 1487 483 1574 ¹6
515 1487 691 1571 Cronica
724 1507 811 1592 quae
840 1476 984 1562 dicitur
1018 1502 1160 1560 catena
1188 1499 1306 1584 tenpo-

482 1645 570 1700 rum
598 1643 666 1696 seu
690 1611 953 1695 rudimentum
980 1599 1239 1691 Noxitiorum.
1261 1606 1309 1686 In·

483 1745 596 1830 folio.
617 1775 669 1828 nt.
697 1775 728 1828 r.
754 1745 878 1826 Tomi
904 1739 986 1832 duo
1012 1768 1106 1825 cum
1134 1737 1309 1824 innumeris

484 1881 636 1993 figuris.
1331 1980 1334 1989 ⁴

522 2047 558 2117 In
581 2047 642 2117 fine
664 2045 795 2142 legitur:
827 2044 927 2112 Anno
953 2062 1041 2140 1475
1059 2096 1071 2130 ,
1092 2044 1140 2112 die
1161 2061 1189 2112 7
1214 2035 1320 2136 Aogttsd

476 2167 574 2235 nobili
610 2166 644 2232 in
685 2165 755 2231 urbe
789 2161 947 2251 Labicana
986 2181 1050 2229 arte
1081 2161 1267 2251 impressoria
1282 2178 1324 2246 ptr

476 2283 593 2351 Lucam
623 2281 761 2349 Brandr's
783 2281 818 2345 de
847 2275 960 2373 Schofr
978 2274 1107 2364 feliciter
1128 2300 1173 2347 cst
1196 2297 1329 2345 exocsm

478 2397 562 2469 Vide
592 2396 726 2467 Debttre
745 2448 755 2482 ‚
777 2393 846 2468 Nt.
884 2418 1010 2486 4319,
1036 2394 1090 2464 ubi
1118 2395 1237 2488 integra
1260 2391 1331 2462 snbs-

477 2514 591 2610 criptio
614 2511 755 2583 refertur.
779 2512 832 2580 An
856 2508 948 2598 hujus
964 2531 1076 2582 auctor
1101 2511 1141 2580 sit
1168 2509 1258 2583 Joan.
1277 2507 1334 2579 Co·

477 2633 613 2717 lomna,
639 2649 692 2699 aut
725 2628 904 2716 Brochart,
934 2647 988 2697 aut
1013 2628 1123 2699 Petrus
1156 2627 1334 2711 Comestor,

476 2745 579 2815 adhuc
609 2744 697 2815 certo
731 2770 799 2814 non
832 2763 983 2832 constat,
1013 2768 1074 2815 nec
1104 2746 1201 2815 etiarn
1227 2743 1265 2814 de
1278 2738 1336 2832 ejus

476 2846 677 2930 translatione
699 2862 730 2929 in
754 2861 891 2955 linguam
908 2861 1074 2934 Gallicarn
1094 2857 1196 2941 Unde
1215 2882 1337 2957 presens

476 3003 557 3071 opus
591 2997 725 3045 tueretur
768 2978 954 3071 ampliorem
990 2977 1241 3051 dissertationem
1275 2999 1338 3073 quae
1380 2996 1381 3043 t

476 3093 561 3165 foret
593 3086 678 3164 extri
710 3093 821 3164 limites
850 3097 939 3166 unius
973 3096 1118 3192 catalogi.

524 3210 690 3283 Rarissima
720 3212 788 3282 haec
818 3211 913 3283 editio
943 3213 1067 3284 extabat
1094 3214 1181 3310 apud
1210 3216 1238 3285 la
1265 3211 1338 3282 vat-

476 3328 552 3401 liire
568 3354 592 3415 .;
633 3328 687 3398 sed
729 3328 850 3399 videtur
885 3330 1103 3423 imperfectum
1141 3332 1232 3403 fuisse
1278 3326 1337 3417 ejus

477 3448 647 3542 exemplar.
683 3446 818 3516 Constat
846 3465 950 3544 autern
981 3472 1053 3541 434
1079 3447 1163 3519 foliis
1193 3474 1292 3544 opus,
1310 3463 1337 3515 et

476 3566 570 3634 index
604 3566 697 3634 habet
734 3562 777 3634 28
803 3617 815 3653 ‚
843 3564 884 3640 in
922 3561 1009 3653 cujus
1050 3565 1113 3636 fine
1148 3586 1235 3638 extat
1268 3564 1336 3634 sub·

475 3683 614 3774 scriptio.

523 3797 632 3867 Priora
682 3797 828 3869 undecim
871 3799 947 3869 folia
998 3800 1093 3871 incisa
1143 3824 1176 3872 et
1218 3799 1334 3871 minian

473 3913 622 3983 exhibent
662 3915 780 3983 tabulas
819 3916 1061 4010 chronologicas
1093 3937 1126 3988 et
1160 3915 1332 4013 genealogi·

474 4054 527 4099 cas
552 4053 607 4098 sex
640 4030 802 4124 partium,
832 4056 888 4102 seu
918 4051 1045 4103 aetatum
1077 4035 1109 4101 in
1139 4060 1217 4130 quas
1241 4051 1329 4104 totum

470 4143 643 4216 dividitur·
664 4148 788 4217 Auctor
819 4147 964 4242 perduxit
995 4150 1137 4221 historias
1172 4175 1268 4247 usque
1296 4139 1339 4230 ad,

471 4287 591 4335 annton
622 4263 724 4358 ipsunt
762 4288 865 4363 1475.
