2925 6525
187 1502 758 1604 ADANNUM1480.
894 1534 941 1611 97

145 1652 261 1721 arionis
281 1648 411 1743 epistola
429 1644 468 1718 ail
481 1649 646 1720 Fichetum
667 1653 704 1720 sit
724 1652 799 1723 anni
823 1677 940 1748 14703

141 1769 223 1854 nod,
243 1786 353 1860 praeter
369 1767 469 1835 varias
487 1767 630 1860 epistolas
647 1768 856 1861 Bessario'nis,
873 1770 941 1861 ejus

142 1888 228 1952 iones
253 1907 313 1976 pro
334 1882 418 1952 bello
442 1880 556 1952 Turcis
577 1881 766 1971 inferendo,
789 1887 829 1956 tle
857 1889 941 1981 peri·

141 2002 250 2070 iltaliae
262 1999 518 2087 imminentibus,
539 2000 781 2095 versionemque
795 2004 942 2074 orationis

141 2117 300 2188 nostlrenis
330 2118 419 2187 unius
451 2136 563 2186 contra
591 2116 802 2210 Philippum·,
832 2118 946 2190 referat

141 2259 170 2303 as
194 2235 340 2329 epistolas
367 2232 590 2326 manuscriptas
613 2231 805 2301 Bess'arionis
832 2233 872 2303 ad
894 2236 947 2305 Fi·

142 2375 217 2436 um,
238 2341 379 2444 aliosque
397 2347 486 2435 hujus
504 2350 609 2419 saeculi
628 2349 756 2443 peritos.
775 2344 819 2420 'Et
836 2354 946 2422 termi-

141 2493 163 2536 ιτ
187 2465 321 2560 epistoll
339 2465 402 2536 uni
417 2457 562 2537 Rectoris
579 2486 610 2535 et
626 2465 842 2537 Universitatis
859 2469 946 2540 Pari⁴

141 2611 146 2650 e
166 2582 206 2652 ad
223 2581 445 2669 cardinalem,
461 2582 532 2651 datal
550 2582 582 2651 in
604 2582 683 2653 illius
702 2587 945 2680 congregatione

141 2700 231 2785 erali‚
242 2698 324 2792 apud
333 2719 475 2768 sanctum
486 2698 725 2788 Mathurinum‚
739 2725 823 2771 anno
838 2724 946 2794 1472,

159 2815 271 2909 gratias
287 2800 343 2908 ipsi
359 2815 507 2884 exhibent
523 2840 582 2908 pro
600 2817 692 2886 variis
709 2818 791 2887 libris
807 2819 949 2890 Univer-

145 2932 182 3002 ia
199 2930 366 3001 Cardinale
381 2930 546 3006 mandans..
561 2931 635 3003 Pars
650 2934 819 3028 impressa,
836 2956 882 3008 est
900 2963 948 3032 39

141 3080 246 3143 trum,
265 3077 401 3149 qnorum
419 3054 528 3147 pagina
540 3053 647 3124 ultima
660 3074 706 3124 est
726 3059 767 3126 18
784 3055 945 3126 linearum.

141 3173 229 3243 :ditio
253 3170 293 3239 ad
314 3170 417 3240 minin
436 3172 509 3238 anni
536 3194 657 3261 1472,
680 3170 823 3257 Parisiis,
847 3172 946 3243 Ulrici

144 3293 205 3385 ing.
221 3288 295 3360 Vid.
308 3288 461 3374 Debere,
472 3288 531 3360 N0.
546 3288 739 3385 4125.Vrd.
754 3287 947 3379 Cheeillier,

141 3465 148 3480 .
175 3431 215 3506 33
236 3453 248 3487 ,
272 3408 325 3476 ubi
346 3405 413 3475 haec
433 3403 528 3474 editio
551 3404 694 3476 refertur.

141 3606 356 3714 prosirion
374 3625 412 3682 et
428 3597 669 3683 declaration
691 3594 740 3683 de
758 3590 793 3684 la
810 3599 947 3705 Billa,

141 3763 171 3834 ‚it
185 3733 236 3818 du
257 3739 374 3816 vieux
391 3752 467 3845 que
486 3729 538 3815 du
556 3724 700 3816 nouvel
718 3759 948 3833 testament,
1054 3807 1070 3835 a

141 3894 202 3947 on
232 3864 281 3948 de
306 3866 405 3971 Lyra
429 3865 657 3959 er'autre53
692 3864 849 3975 corrige
880 3892 950 3971 par

142 3992 242 4077 altre
273 3993 404 4083 Julien
437 3996 599 4086 Maelio.
630 3990 776 4103 (lmpr.
812 3991 948 4104 Lym,

141 4153 226 4236 ayer
245 4152 344 4236 1477
358 4123 396 4235 )‚
413 4153 502 4228 eum
517 4126 652 4237 figuris
667 4129 852 4208 miniatis.
875 4128 949 4208 In-

141 4254 164 4337 l.
183 4280 322 4368 parvo.
341 4281 394 4338 m.
416 4285 447 4339 r.

141 4427 167 4495 {n
189 4427 249 4497 fine
272 4428 384 4521 legitur
405 4449 537 4521 sequens
558 4423 770 4519 subscriptio:

141 4584 182 4675 Cy
196 4583 291 4674 finis!
311 4609 340 4649 ce
359 4579 479 4671 pre'sent
499 4585 571 4650 livre
591 4584 644 4673 qui
662 4604 707 4649 est
726 4582 772 4646 dir
805 4583 837 4647 la
863 4605 954 4672 vrnye

143 4703 256 4771 orition
273 4722 301 4767 et
317 4700 501 4769 de'clnration
517 4702 599 4769 dela
616 4700 703 4766 Bito
718 4751 728 4786 ,
746 4719 815 4765 torn
831 4700 872 4766 du
887 4705 957 4772 nicil

750 4815 783 4885 G
884 4817 887 4824 .
