2925 6525
432 1083 505 1153 412
697 1054 1088 1127 tranrsux

526 1192 590 1265 Sed
611 1192 702 1262 anteit
724 1191 977 1278 advertendum,
999 1212 1112 1287 praeter
1134 1192 1260 1264 aiteram
1277 1185 1330 1259 cdi·

480 1313 600 1384 tionem
623 1335 694 1405 qttae
710 1309 749 1379 de
771 1334 862 1380 novo
883 1310 1051 1379 Florentiae
1067 1334 1153 1379 anno
1176 1329 1332 1402 1491pro

480 1428 535 1498 diit
561 1452 636 1499 cum
662 1428 757 1498 tribus
787 1426 906 1496 tantum
936 1446 969 1497 et
999 1426 1111 1495 iisdem
1136 1427 1266 1521 figuris,
1293 1419 1333 1493 scd

480 1545 569 1640 ligno
592 1545 695 1615 incisis
718 1565 749 1615 et
770 1543 900 1614 diversae
920 1542 1087 1613 altitudinis
1115 1568 1153 1613 ac
1176 1540 1335 1637 proportio·

481 1663 551 1749 nis,
569 1662 737 1732 maximam
755 1682 861 1732 extare
877 1662 909 1731 'n
925 1661 1154 1754 exemplaribus
1169 1660 1273 1754 primae
1286 1654 1338 1726 edi·

483 1780 577 1850 tionis
615 1779 886 1873 discrepantiam,
919 1779 944 1847 si
978 1776 1123 1849 credatur
1159 1771 1337 1871 descriptioni

442 1988 446 1999 ‚
482 1922 602 1994 quarn,
619 1916 691 1991 post
708 1915 827 1990 patrem
849 1895 1029 1984 Frabricci,
1047 1894 1166 1988 publici
1188 1891 1260 1982 juris
1281 1888 1339 1962 fecit

483 2015 579 2084 abbas
614 2013 647 2085 S.
686 2013 785 2108 Legcr
817 2013 955 2107 (Lmres
981 2009 1002 2079 ἆ
1035 2012 1087 2085 Μ.
1122 2017 1150 2081 le
1182 2013 1287 2080 Boron
1313 2008 1340 2076 dc

483 2132 524 2201 H
529 2135 587 2204 **.
610 2133 702 2201 Puris
729 2129 832 2225 1783.
858 2129 981 2219 lit-80.)
1007 2129 1069 2199 Hic
1092 2129 1178 2198 enim
1199 2127 1342 2223 exemplar

483 2244 694 2319 Casanatens'e
718 2249 922 2334 describens,
944 2246 1019 2317 dicit
1046 2245 1137 2341 quod
1162 2242 1344 2318 secundab-

483 2390 560 2461 gara
582 2385 792 2462 consequatur
816 2363 994 2434 immediatd
1024 2364 1196 2457 capitulum
1228 2383 1287 2459 ¹¹5
1319 2379 1345 2429 ct

484 2481 573 2579 quod
597 2484 707 2554 folium
729 2484 793 2553 hoc
817 2483 967 2577 signatum
991 2480 1029 2548 sit
1052 2481 1064 2546 i
1088 2482 1144 2566 V,
1166 2479 1253 2575 quod
1271 2477 1346 2550 certe

486 2622 596 2669 nostro
614 2600 787 2670 convenire
811 2599 941 2695 nequit,
959 2597 1072 2690 inquo
1091 2598 1263 2690 capitulum
1289 2614 1343 2689 115

427 2739 429 2744 ’
483 2715 709 2808 correspondet
738 2714 820 2784 foliis
845 2713 969 2808 signatis
997 2739 1018 2780 n
1043 2713 1115 2781 Vll
1137 2733 1170 2783 et
1196 2739 1219 2781 n
1240 2711 1348 2798 vm,

482 2829 516 2897 in
537 2828 625 2915 cuius
645 2855 739 2899 verso
762 2850 845 2899 extat
861 2832 958 2925 figura
980 2829 1140 2915 secunda,
1162 2830 1240 2901 ditm
1257 2831 1350 2925 signa·

483 2964 552 3017 tura
572 2945 675 3014 iiiiii
698 2945 793 3041 (sic,
812 2971 880 3016 non
903 2944 983 3016 xerd
1001 2967 1036 3018 ut
1053 2949 1157 3018 scribit
1177 2945 1264 3044 iv)
1286 2973 1351 3019 cor·

481 3061 650 3156 respondet
671 3063 808 3157 capitulo
831 3087 879 3156 74
903 3062 935 3132 in
959 3090 1025 3160 quo
1046 3067 1144 3160 agitur
1167 3065 1208 3137 de
1230 3089 1351 3159 correp·

482 3181 569 3252 tione
593 3181 733 3277 paterni.

530 3338 667 3410 Aliunde*
698 3337 771 3408 dicit
801 3339 929 3432 figuram
954 3341 1124 3410 secundam
1156 3342 1251 3411 altam
1280 3367 1353 3436 qua·

481 3480 553 3528 tuor
569 3459 730 3553 pollicibus
750 3483 822 3526 cum
837 3458 923 3526 lineis
941 3459 1078 3554 quinque
1088 3512 1100 3543 ,
1121 3477 1154 3527 et
1170 3460 1264 3529 latam
1280 3461 1353 3528 sicut

481 3578 570 3646 tertia
591 3602 646 3646 sex
667 3575 854 3669 poilicibus,
875 3576 948 3645 ditm
971 3573 1048 3643 verb
1070 3574 1101 3643 in
1124 3597 1237 3645 nostro
1259 3601 1351 3646 occu·

481 3714 535 3788 pat
559 3696 710 3786 integram
732 3695 853 3786 paginae
874 3693 1102 3785 capacitatem,
1124 3694 1204 3764 sicut
1226 3715 1257 3764 et
1284 3695 1352 3763 Flo·

481 3811 589 3901 rentiae
607 3811 637 3877 in
653 3810 879 3903 exemplaribus
898 3809 1178 3901 Magliabechianae
1193 3829 1224 3880 et
1242 3810 1351 3882 domis

480 3926 689 3995 Annunciatae
711 3927 995 3996 bibliothecarum:
1021 3928 1107 4021 quod
1130 3929 1225 3996 etiam
1248 3948 1351 4023 posset

481 4041 624 4115 affirmari
642 4043 681 4112 de
706 4069 748 4113 eo
770 4044 904 4137 catalogi
921 4044 952 4113 la
973 4043 1135 4128 Valiidre3
1160 4046 1191 4113 iu
1212 4072 1280 4139 quo
1301 4045 1352 4115 de·

434 4178 436 4182 ‘
481 4159 667 4231 siderabatur
694 4161 807 4232 folium
830 4161 972 4230 ultimum
996 4161 1160 4255 signaturae
1185 4146 1245 4250 N,
1269 4160 1356 4259 quod

480 4280 512 4351 itt
534 4297 643 4350 nostro
664 4277 764 4373 reipsa
780 4276 950 4352 secundam
971 4278 1097 4350 exhibet
1115 4277 1259 4374 figuram.
