2925 6525
344 1102 378 1127 ‘¹
500 1122 515 1137 01

297 1174 302 1191 ι
637 1152 641 1161 ι
1007 729 1017 1177 Ι

229 1503 271 1618 vj
454 1504 885 1590 nourrun

230 1651 434 1770 multaque
465 1653 581 1767 loca,
607 1657 714 1768 apnd
740 1682 827 1767 quae
855 1657 1014 1768 Typog

229 1789 344 1869 initia
362 1813 407 1868 ac
428 1813 660 1898 progressus
684 1784 885 1896 latebant,
908 1782 1014 1868 clarii

230 1941 407 2000 cescunt.

290 2064 366 2147 His
403 2063 589 2151 omnibus
627 2067 661 2150 si
700 2059 821 2150 addas
853 2066 1014 2175 persecu

229 2199 344 2307 quasi
355 2195 591 2306 stupendam·
602 2193 793 2278 librorum
804 2223 1014 2280 conservat

230 2350 274 2408 et
303 2326 569 2437 nitidiorem,
597 2322 850 2441 ligaturarum
880 2325 1015 2440 elegen

231 2455 1016 2569 exquisitumquepossessorisjudicium:

230 2611 324 2670 cura
340 2612 386 2668 ac
403 2583 660 2689 sollicitud0‚
686 2616 760 2698 pro
784 2585 860 2673 illis
880 2589 1016 2702 seliger

229 2714 506 2831 acquirendis,
535 2746 610 2817 nec
640 2716 839 2804 laboribus
869 2727 1018 2830 peperci

230 2853 446 2959 expensis,
470 2845 549 2959 jam
569 2846 668 2932 nihil
688 2849 865 2934 aviditati
886 2871 1020 2952 appete

229 2984 435 3087 supererit.

292 3124 392 3207 Non
420 3124 636 3209 secundum
665 3127 909 3209 materiarum
937 3119 1025 3206 ordi

231 3251 302 3338 sed
318 3253 459 3340 ordine
474 3253 766 3369 chronologico
782 3283 821 3341 et
834 3259 1022 3369 quantum

232 3382 480 3495 alphabetico
496 3411 727 3496 praesentem
745 3387 916 3473 indicem
936 3386 1030 3496 disp

233 3545 286 3600 eo
304 3516 381 3599 fine
396 3539 440 3599 ut
454 3512 621 3624 clarius,
637 3545 677 3601 et
690 3547 772 3602 uno
789 3523 901 3633 quasi
917 3523 999 3600 ictu
1017 3546 1032 3598 t

234 3650 328 3733 viris
345 3643 525 3729 litteraris
538 3652 791 3735 innotescant
810 3654 987 3763 origines
1005 3671 1035 3749 et

234 3803 392 3891 gressus
420 3782 512 3862 artis
539 3778 884 3895 Typographicae3
908 3805 946 3863 et
970 3805 1038 3879 ut,

234 3906 371 3993 diante
384 3908 487 4017 hoc,
509 3908 660 3996 facilius
680 3936 933 3997 secernantur
960 3908 1040 3993 edit

237 4067 335 4153 quas
357 4046 490 4128 omisit
510 4042 745 4130 clarissimus
776 4048 869 4129 artis
896 4039 1011 4153 hujus
1030 4070 1043 4124 ε

238 4168 356 4276 lisra,
383 4178 436 4257 ita
460 4198 503 4256 ut
525 4204 599 4286 pro
618 4182 740 4287 ipsius
760 4172 1036 4286 supplemento

238 4307 291 4387 sit
315 4302 462 4386 haberi.

294 4450 406 4535 Libri
422 4446 532 4533 null&
549 4454 644 4532 anni
663 4448 761 4533 notai
776 4454 947 4562 signati,
966 4477 1049 4562 quai

239 4579 380 4689 licuit,
410 4579 514 4666 intra
547 4576 783 4663 decennium
819 4607 955 4663 eorum
989 4587 1048 4663 ori

240 4739 517 4827 reponuntur,
547 4707 776 4823 ponderatis
813 4707 1049 4824 conjecturis
