2925 6525
143 1026 259 1138 ·300
448 1026 653 1103 unni
700 1026 844 1127 suu

237 1168 420 1265 Dorniberg
439 1166 574 1239 indicem
591 1163 740 1239 confecit.
761 1163 820 1237 De
838 1164 905 1237 hoc
922 1163 1004 1240 libro
1017 1165 1099 1241 raris·

236 1291 317 1361 simo
335 1285 409 1357 vide
426 1284 624 1355 Schelhorne
639 1285 684 1351 ad
702 1284 833 1377 Quirini
840 1308 918 1380 pag.
940 1308 996 1378 29.
1010 1285 1097 1356 Non·

235 1404 312 1477 nulli
331 1427 412 1498 opus
432 1400 621 1494 adscripsere
641 1396 781 1470 Thornae
803 1398 982 1495 Aquinari,
1007 1420 1039 1472 et
1054 1401 1097 1471 eiii

235 1520 370 1592 Alberto
397 1517 550 1612 Magn03
577 1514 632 1587 sed
662 1539 756 1585 verus
776 1512 880 1604 hujus
910 1537 1021 1588 auctor
1047 1516 1096 1589 fuit

234 1635 332 1731 Hugo
354 1635 394 1707 de
418 1633 590 1729 Argentind
612 1629 727 1702 ordinis
746 1631 1001 1726 predicatorum.

191 1756 200 1785 ⁵
223 1796 226 1801 ·
275 1772 448 1845 Character
458 1769 612 1865 pertinere
629 1766 768 1855 videtur,
779 1768 804 1838 si
813 1766 920 1840 Denis
933 1768 994 1843 ΝΟ.
1007 1791 1094 1865 4709

236 1888 400 1980 credatur,
412 1887 452 1959 ad
465 1887 591 1958 Petrum
607 1883 723 1956 Drach
743 1883 923 1981 Spiteruem
935 1885 1093 1984 Typogrr·

236 2009 347 2102 phum.

75 2229 118 2312 r-
187 2227 215 2311 9
243 2198 424 2287 Durandi
460 2197 652 2286 rationale
683 2197 912 2288 divinorum
941 2198 1092 2288 officio.

243 2361 342 2419 rum.
373 2330 512 2421 lii-fol.
542 2361 596 2416 rn.
623 2360 658 2416 r.

282 2545 318 2614 In
342 2543 413 2615 fine⁴
432 2543 572 2638 legitur:
601 2543 761 2612 rationalis
780 2567 907 2633 presens
933 2546 1093 2615 divinorum

236 2661 402 2757 officiorum
422 2662 495 2729 liber
512 2661 689 2751 capitalium
708 2661 861 2728 decorares
882 2672 1035 2732 venustare
1052 2677 1093 2728 ast

234 2777 485 2844 nebriearionibus
523 2779 673 2846 accuratis
713 2778 871 2846 diseincms
906 2803 962 2868 per
996 2779 1092 2847 dsue-

233 2914 298 2960 mm
321 2891 494 2963 Iohannem
518 2891 628 2962 Zeiner
652 2921 691 2963 ex
714 2894 898 2989 Reurlirrgerr
916 2916 1093 2988 procreem

235 3010 305 3078 urbe
334 3008 436 3077 Ulmae
472 3031 705 3079 commorantem
749 3034 816 3078 cum
854 3012 1010 3106 diligentia
1046 3013 1094 3078 im·

227 3146 352 3217 pressus
376 3149 444 3194 cum
465 3128 597 3195 trinitare
619 3152 743 3197 summa
765 3149 795 3195 er
816 3129 985 3200 individue
1014 3127 1094 3215 mdju-

235 3244 311 3312 torio
348 3268 548 3316 consummar.
592 3270 677 3314 armo
716 3247 787 3315 dmi
828 3247 988 3315 millesimo
1029 3270 1095 3339 qua·

234 3364 462 3458 dringenresimo
488 3363 701 3459 septuagesimo
730 3365 814 3432 tertio
840 3365 887 3433 die
919 3367 1005 3433 tertio
1036 3386 1095 3437 vem

234 3481 421 3552 Decembris.

282 3653 406 3725 Litterae
421 3652 556 3744 majores
567 3655 654 3751 ligno
669 3674 740 3726 sunt
749 3653 851 3726 incisae
860 3708 871 3745 ‚
881 3675 913 3726 er
927 3655 1003 3727 folia
1015 3679 1096 3727 more

234 3770 386 3843 Romano
409 3791 610 3844 numerantur
632 3791 662 3843 et
684 3792 755 3843 sunt
779 3775 877 3862 2643
903 3772 959 3843 sed
986 3771 1098 3844 deside·

170 3907 341 4005 *rantur
374 3888 483 3982 signat.
520 3908 552 3958 et
591 3888 713 3959 custod.
752 3890 922 3960 Columnae
958 3905 1098 3961 constant

234 4003 328 4072 etiam
356 4024 399 4103 50
419 4004 516 4077 lineis.
543 4005 579 4073 In
601 4004 696 4075 tribus
716 4006 784 4076 libri
803 4004 894 4095 hujus
917 4005 1101 4078 editionibus

234 4118 372 4212 Zainer,
389 4141 473 4193 tanta
495 4141 540 4192 est
556 4121 741 4210 diuersitas,
759 4141 793 4194 ut
809 4124 901 4197 unius
917 4144 950 4197 et
966 4122 1099 4217 ejudem

232 4228 376 4314 editionis
398 4264 465 4313 esse
487 4262 554 4313 non
574 4240 673 4336 possit
696 4236 852 4315 affirmari.
