2925 6525
414 1059 460 1131 ts
572 1056 735 1128 LIBRI
767 1053 833 1126 ΑΒ
864 1051 1035 1127 asso
1074 1046 1175 1147 1460.

453 1191 535 1265 ‘duas
551 1194 672 1265 tantiun
693 1193 789 1264 habet
808 1191 971 1264 columnas
983 1246 1001 1281 ‚‚
1013 1192 1133 1264 duabus
1149 1192 1213 1263 aliis
1232 1192 1341 1263 inim«

457 1312 618 1407 pressione
640 1309 950 1399 omissis51niniator
971 1307 1116 1380 custodes
1139 1302 1171 1378 in
1196 1309 1259 1380 fine
1283 1337 1341 1382 cu·

458 1425 583 1518 juslibet
616 1428 859 1524 quaternionis,
886 1451 924 1497 ac
954 1427 1122 1521 signaturis
1153 1452 1250 1497 manu
1283 1428 1339 1497 scai

460 1546 645 1640 supplevit,
673 1563 706 1616 et
734 1545 766 1613 in
795 1543 857 1613 fine
881 1545 1025 1637 leguntur
1046 1545 1148 1614 verba.
1176 1545 1339 1638 sequentia

459 1663 669 1757 manuscripta
694 1660 735 1732 dc
762 1685 899 1757 quorum
929 1660 1060 1732 veritate
1093 1680 1125 1730 et
1152 1661 1338 1733 authentici-

461 1797 525 1851 tate
550 1777 675 1851 dubito.
1223 1775 1226 1778 ⁴
1250 1850 1257 1865 ,

507 1889 648 1987 Explicit
668 1897 808 1988 primum
833 1900 973 1965 volumen
1000 1922 1126 1966 sumnus
1156 1898 1191 1964 dc
1218 1898 1339 1966 casibus

461 2038 557 2104 quam
578 2015 672 2108 ligavi
696 2033 722 2081 ct
745 2010 841 2081 clausi
858 2038 917 2103 pro
943 2017 1111 2082 necessitate
1138 2001 1231 2098 liujus
1253 2019 1339 2082 ecclc·

459 2132 537 2216 s'iae,
556 2155 643 2197 anno
659 2130 779 2199 domini
800 2126 890 2200 18a0
906 2128 1076 2226 (1460,)
1094 2131 1118 2198 si
1138 2131 1221 2199 enim
1244 2133 1337 2223 1469

459 2244 667 2344 scripsisset,
699 2248 908 2321 concordaret
939 2276 1013 2321 cum
1043 2238 1211 2343 exemplari
1240 2250 1338 2320 sancti

457 2365 587 2437 ioannis
620 2366 868 2462 Argentinensis.
896 2366 1022 2439 Tomus
1051 2366 1131 2437 veris
1154 2365 1336 2454 sccundus,

458 2483 567 2576 incipit
584 2509 657 2554 cum
676 2485 757 2553 libro
780 2504 847 2570 vs,
867 2480 955 2571 cuius
978 2485 1080 2555 titulus
1101 2483 1194 2553 etiam
1210 2508 1339 2552 manus-

458 2600 572 2690 criptus
581 2616 645 2687 est3
655 2599 755 2694 prima
762 2618 867 2669 autem
879 2601 977 2670 verba
986 2601 1085 2672 teatits
1098 2601 1140 2672 sic
1153 2626 1186 2670 sc
1199 2601 1335 2675 habent:

629 2793 760 2882 xpeditis
776 2817 808 2868 p,
826 2792 872 2859 dci
891 2793 981 2887 giam
998 2796 1056 2863 hiis
1078 2821 1098 2884 q

625 2912 729 2999 pentit
744 2910 790 2976 ad
806 2911 965 2978 sacrabat
975 2914 1056 3000 pm?
1074 2934 1101 2978 ct
1138 2977 1141 2982 .

628 3026 747 3093 uactbis
770 3047 866 3095 extmc
888 3029 949 3095 εόἱι
968 3030 1081 3097 asidera

507 3199 548 3269 Et
568 3195 678 3269 desinit
701 3224 776 3272 cum
792 3200 873 3273 libro
896 3223 967 3273 vt11
980 3251 995 3293 ,ι
1014 3201 1101 3293 cujus
1121 3208 1269 3278 columna
1287 3209 1335 3280 ul·

357 3335 386 3368 -·
454 3314 530 3385 tima
549 3316 643 3385 habet
667 3320 714 3405 46
737 3318 857 3407 lineas,
885 3345 1018 3417 quarum
1051 3348 1106 3394 sex
1131 3324 1253 3395 ultimas
1280 3326 1334 3396 in-

459 3432 520 3512 cidi
537 3433 658 3505 curavit
678 3433 861 3530 Schoepflin
880 3438 912 3506 in
925 3441 1064 3511 vindiciis
1080 3444 1257 3536 typograph.
1269 3446 1333 3511 Ar-

452 3555 671 3644 gentincnsis,
701 3578 742 3623 ex
766 3556 937 3649 exemplari
964 3559 1061 3627 sancti
1093 3558 1244 3629 iohannis
1272 3561 1334 3630 Ar·

458 3670 648 3759 gentinensis
666 3670 754 3764 quod
778 3676 952 3762 tractabat,
972 3674 1005 3759 in
1026 3700 1091 3769 qao
1113 3676 1258 3763 miniator
1279 3678 1334 3749 ad-

458 3771 576 3869 jecerat
586 3781 742 3892 ¹volumen
756 3787 831 3888 iilud
839 3787 939 3878 ficissc
960 3795 1137 3883 inpressum
1154 3798 1332 3890 Argentinae

451 3922 509 3987 per
525 3899 642 3972 Iohan.
665 3902 840 3995 Μειιιεὶἱπ,
862 3932 949 3975 anno
977 3912 1090 4003 1469:
1115 3902 1173 3981 sed*
1191 3912 1267 3983 nihil
1293 3914 1332 3982 si·
1364 3965 1367 3971 -

454 4012 529 4082 mile
555 4015 690 4086 occurrit
716 4018 748 4087 in
772 4019 835 4091 hoc
862 4040 954 4093 tomo
982 4026 1152 4116 secundo,
1183 4029 1237 4123 qui
1271 4050 1333 4101 tes·

455 4130 590 4202 minatur
612 4133 709 4206 tribus
735 4138 872 4232 copiosis
888 4139 1057 4216 indicibus.
1084 4145 1120 4213 ln
1148 4172 1189 4217 eo
1208 4148 1332 4219 colum·

456 4271 507 4317 nae
530 4245 647 4323 habent
668 4253 763 4325 etiam
791 4257 837 4330 60
860 4256 987 4352 lineas,
1016 4255 1094 4335 tituli
1124 4288 1236 4337 omnes
1264 4291 1332 4336 ma·

1183 4382 1334 4480 ntiscripti
