2925 6525
276 1484 373 1561 ‘no
423 1483 698 1560 Annon.
752 1483 858 1577 nec
926 1461 1021 1585 ἐς

151 1619 186 1692 in
198 1622 259 1693 hac
272 1623 346 1696 edit.
360 1623 529 1695 Mantelius
537 1676 549 1711 ,
567 1648 604 1695 ac
616 1622 648 1693 in
659 1622 846 1719 precedenti
857 1621 918 1695 ΝΟ.
931 1621 966 1693 Β.
981 1647 1024 1713 4,

153 1758 295 1809 attamen
313 1759 384 1811 toto
400 1741 481 1811 caelo
497 1739 644 1811 differunt
660 1742 739 1812 inter
753 1766 810 1829 se,
827 1764 931 1837 neque
945 1764 1024 1811 con⁴

154 1856 244 1926 venit
274 1882 346 1928 cum
381 1859 476 1928 tribus
510 1858 580 1927 aliis
612 1856 798 1928 editionibus
834 1883 853 1929 a
884 1855 1024 1947 Denis,

155 1970 218 2043 ΝΟ.
238 1976 327 2062 4261
349 1992 381 2043 et
399 1974 624 2070 sequentibus,
646 1972 814 2067 descriptis.

203 2087 443 2162 Charaeteribus
464 2090 664 2162 Mantelinnis
692 2088 843 2185 prodiisse
865 2107 950 2161 extra
972 2091 1025 2162 du·

153 2204 241 2277 bium
270 2226 349 2294 est3
386 2206 472 2279 unde
506 2206 643 2279 secunda
673 2206 759 2278 foret
787 2202 928 2294 ejusdem
957 2207 1027 2277 iibri

153 2321 250 2394 editio
275 2349 348 2396 cum
376 2325 434 2396 illis
464 2326 616 2419 vulgata:
648 2324 784 2419 primam
818 2323 902 2395 enim
936 2321 1028 2418 supri

150 2442 322 2515 retulimus.
523 2426 525 2430 ¹

202 2577 371 2673 Exemplar
394 2594 441 2649 est
463 2575 735 2673 elegantissimum.

105 2774 161 2857 18
193 2769 348 2856 Summa
375 2768 426 2855 de
461 2770 616 2857 casibus
640 2770 690 2856 ad
726 2770 922 2855 honorem
948 2772 1025 2855 Dei
1152 2746 1185 2779 Λ
1265 2774 1270 2781 ’

161 2901 375 3011 compilata
402 2931 472 3014 per
499 2902 656 2988 fratrem
695 2904 944 2987 Astexanum
975 2899 1026 2986 de
1117 2958 1163 3019 Α,

162 3032 305 3117 ordine
326 3035 490 3120 fratrum
510 3040 723 3120 minorum.
748 3031 887 3119 Indoi.
903 3032 1023 3116 Tomi
1245 3054 1250 3065 ·

159 3162 273 3269 duo,
304 3194 357 3248 m.
381 3195 416 3251 r.

201 3333 327 3417 Tomus
353 3338 469 3431 primus
496 3339 541 3412 sic
568 3339 696 3438 incipit:

626 3518 776 3585 enerando
800 3515 835 3583 irr
859 3510 923 3606 ipo
937 3519 1024 3608 patri

629 3655 658 3702 er
677 3632 750 3703 diro.
772 3633 892 3701 Domio
906 3633 1024 3720 joidrrr'

627 3750 779 3846 gaijerao
801 3752 826 3817 d
845 3753 915 3817 urbe
939 3753 1024 3817 diviti

625 3868 797 3962 ‘pridenria
834 3867 1023 3958 dignissimo.

202 4039 327 4113 Tomus
346 4042 427 4113 verd
449 4039 603 4114 secundus
626 4040 731 4134 incipit
753 4064 771 4108 a
791 4036 872 4105 libro
889 4032 1022 4132 quinto,

150 4175 186 4229 et
209 4158 387 4229 terminatur
409 4158 487 4229 folio
512 4181 607 4229 verso
634 4181 708 4228 cum
733 4149 883 4250 columni
907 4148 1023 4239 territi,

149 4294 186 4345 et
203 4273 282 4345 folio
300 4277 442 4372 sequenti
460 4275 566 4369 incipit
583 4272 674 4345 index
691 4274 891 4344 materiarum
914 4293 955 4341 10
973 4269 990 4339 f
1008 4308 1022 4327 -

148 4393 291 4483 limum,
313 4394 366 4489 qui
391 4393 434 4465 sic
457 4392 585 4487 incipitt

322 4592 428 4679 upierzs
446 4613 499 4685 ego
509 4586 627 4675 fratrer
646 4594 799 4658 astaxan⁹

325 4710 472 4800 cripilaror
487 4705 580 4797 hujus
589 4707 682 4799 stirne
697 4709 743 4775 ad
755 4706 795 4773 Iro

806 4802 830 4870 F
847 4827 876 4889 u]
