2925 6525
2646 1201 2657 1211 1

851 1264 856 1269 Ι
2322 1250 2329 1258 ι

1101 1270 1108 1287 Ι

1410 1370 1422 1385 Ι

1526 1410 1533 1423 Ι

649 1590 838 1695 AD
933 1586 1463 1664 ANNUM
1569 1604 1775 1686 1470·
2037 1608 2130 1687 4ς

353 1785 362 1792 -
422 1725 536 1813 Di
591 1726 940 1817 Niccolo
1003 1725 1104 1812 de
1165 1729 1377 1813 Lira'.
1427 1730 1730 1840 10-40.
1800 1752 2137 1842 magno.

449 1970 454 1975 .
508 1897 822 1972 Accurate
855 1895 1216 1969 describitur
1246 1897 1509 1992 catalog.
1538 1896 1762 1968 Pinelli
1784 1948 1808 1986 ,
1852 1895 1972 1967 ΝΟ.
2024 1922 2144 1994 27.
2268 1934 2275 1949 ·

412 2015 754 2088 Character
799 2030 1012 2087 autem
1062 2013 1369 2111 pertinere
1410 2006 1651 2095 videtur
1693 2012 1775 2086 ad
1811 2040 1959 2087 eum
2005 2042 2141 2113 quo

414 2135 520 2205 vel
554 2129 731 2207 Ulric
763 2121 911 2203 Han
932 2186 956 2223 ,
997 2130 1228 2205 Romae
1264 2127 1445 2221 1468
1471 2182 1496 2219 ,
1532 2130 1864 2209 Ciceronem
1898 2137 1969 2204 de
1999 2128 2153 2204 omi

409 2275 576 2337 mre3
626 2253 728 2322 vel
776 2249 978 2322 Sixtus
1019 2242 1358 2345 Russinger
1415 2245 1693 2342 Neapoli
1745 2249 1909 2321 circa
1964 2275 1990 2320 1
2005 2274 2141 2344 470

407 2372 665 2438 Sextum
711 2365 980 2465 Rtffcm
1014 2365 1342 2462 impressit.

508 2497 750 2574 Deficit
809 2523 1022 2575 autem
1084 2502 1307 2574 folium
1367 2501 1663 2596 primum.
2082 2594 2094 2605 .

324 2701 425 2781 43
491 2674 660 2758 Titi
696 2677 902 2761 Livii
940 2678 1437 2761 historiarum
1474 2673 1654 2759 libri
1692 2682 2149 2789 superstites
2257 2683 2659 2797 8023*—

442 2804 601 2895 unzi
652 2835 832 2891 cum
899 2835 1158 2890 earum
1220 2813 1564 2916 epitome
1591 2869 1621 2916 ,
1683 2834 1764 2890 et
1815 2808 2149 2919 epistolii
2283 2845 2345 2913 ¹.)

437 2938 491 3027 J
496 2938 1021 3051 oan.·Anton.
1048 2938 1459 3047 Campani.
1484 2933 1714 3049 Impr.
1737 2936 1994 3037 Romae
2011 2939 2154 3023 Ul·
2220 2888 2334 3006 ,69
2350 2862 2699 3055 Aah

435 3072 543 3151 ric
567 3067 752 3151 Han
783 3067 819 3178 (
844 3070 1035 3151 circa
1064 3066 1360 3178 1469.)
1385 3065 1669 3154 Ill-fol.
1693 3068 1935 3154 Tomi
1954 3067 2151 3157 ‚duo-

419 3289 424 3294 .
562 3219 930 3290 Enrrro
979 3234 1494 3291 vntncnps.

512 3353 904 3429 Describitur
952 3355 1223 3427 Debure
1273 3355 1388 3429 ΝΟ.
1432 3353 1649 3445 4800.

516 3509 906 3581 Praemittitur
937 3509 1202 3603 epistola
1237 3507 1599 3603 Campani,
1643 3511 1917 3607 sequitur
1952 3513 2156 3607 epito-

422 3652 530 3698 me
553 3627 658 3723 qui
676 3621 977 3698 clauditur
993 3625 1185 3696 solitis
1208 3625 1516 3698 versibus:
1539 3631 1749 3698 Anser
1772 3629 2017 3721 Tarpeij
2032 3655 2157 3700 cus-

422 3766 521 3813 tos
554 3762 674 3816 etc.
712 3796 738 3835 ‚
780 3761 843 3814 et
883 3743 949 3812 in
988 3742 1113 3814 fine
1146 3740 1427 3815 Decadis
1461 3742 1557 3814 IV
1570 3796 1597 3831 ,
1640 3741 1830 3815 iidem
1875 3746 2158 3840 leguntur

424 3884 664 3934 versus.

523 3977 717 4051 Caret
748 3978 972 4073 signat.
1014 4000 1083 4050 et
1127 3972 1374 4050 custod.
1418 3971 1546 4048 Sed
1577 3976 1641 4047 in
1678 3978 1802 4049 fine
1836 3977 2166 4071 epitome4

431 4111 577 4164 ante
619 4119 831 4165 versus
870 4097 1081 4167 Anser
1124 4095 1372 4187 Tarpeij
1420 4115 1543 4167 etc.
1572 4148 1595 4182 ,
1631 4115 1799 4167 extat
1843 4096 2165 4190 registrum

433 4210 616 4304 primi
659 4209 833 4283 verbi
864 4209 1189 4300 cujuslibet
1226 4211 1361 4282 libri
1386 4262 1410 4300 ,
1445 4213 1528 4281 ita
1569 4231 1637 4284 ut
1670 4211 1734 4282 in
1779 4212 1904 4283 hoc
1947 4211 2166 4284 ordine

429 4352 567 4397 non
628 4327 978 4421 praecedere
1041 4325 1150 4399 sed
1199 4329 1498 4423 postponi
1554 4327 1779 4400 debeat
1833 4331 2109 4423 epitome
2140 4381 2171 4417 ‚

430 4443 609 4540 quod
632 4446 817 4515 etiam
852 4446 1061 4517 evenit
1094 4445 1157 4514 in
1186 4444 1462 4516 editione
1485 4446 1756 4517 Andreae
1793 4448 2125 4517 Aleriensis
2144 4498 2170 4537 ‚

435 4563 594 4629 anni
646 4585 670 4631 1
686 4585 850 4652 470.
1135 4566 1140 4572 ’

534 4675 896 4771 Appellatur
915 4681 1090 4749 editio
1108 4680 1387 4770 princeps
1414 4678 1481 4779 in
1503 4676 1842 4774 specimine
1873 4678 2173 4751 historico

429 4790 908 4891 Typographiae
927 4791 1240 4869 Romanae
1263 4793 1490 4867 decimi
1513 4795 1711 4892 quinti
1743 4796 1971 4868 saeculi.
2005 4792 2175 4865 Alle-
