2925 6525
383 1391 452 1443 120
558 1364 705 1439 LIBRI
731 1364 798 1435 AB
823 1362 999 1437 ANNO
1031 1390 1153 1461 1470,

207 1628 214 1655 ,
249 1562 310 1631 ἣν
381 1571 437 1651 6“ο
463 1564 659 1645 Doctrina
685 1559 735 1644 de
762 1556 806 1643 lo
829 1556 1175 1649 excellentissimo
1196 1562 1272 1647 tiu·

189 1672 215 1791 ζ
265 1696 298 1868 Q
432 1722 484 1777 co
519 1688 657 1774 Tullio
688 1692 886 1775 Cicerone
917 1692 1122 1779 chiamata
1162 1694 1198 1776 lt

166 1852 174 1887 ι
194 1793 222 1857 '³
310 1820 318 1840 ⁶
434 1829 517 1906 rica
539 1850 645 1907 nova
664 1820 852 1905 translata
869 1820 920 1905 de
935 1818 1070 1907 larino
1089 1830 1135 1907 in
1150 1822 1270 1939 vulffr

433 1981 507 2064 per
555 1950 597 2036 lo
640 1958 787 2035 eximio
826 1954 1010 2037 Maestro
1050 1950 1272 2040 Galeotodt
1308 2032 1311 2041 .

435 2080 635 2197 Bologna.
657 2086 809 2193 In·4⁰.

466 2293 512 2379 ¹Iu
534 2292 596 2361 fine
617 2293 728 2386 legitur
740 2318 750 2362 τ
758 2292 871 2383 fim'sse
889 2294 944 2382 qui
962 2297 999 2362 Ia
1019 2294 1187 2367 Rhetorica
1203 2316 1278 2365 m

427 2410 464 2480 'dc
481 2414 512 2479 lo
533 2411 780 2478 acellaentissimo
799 2410 909 2479 Marco
932 2408 1037 2479 Tullio
1057 2406 1199 2483 Cicerone
1210 2412 1280 2483 fui

423 2552 508 2622 gare.
1114 2588 1117 2593 .

476 2640 583 2713 Editio
610 2643 764 2735 elegans,
797 2642 916 2737 absque
947 2642 1147 2737 signaturis,
1175 2644 1286 2717 numeri

429 2778 464 2831 et
483 2757 673 2833 custodibus.
701 2758 826 2853 Puginae
850 2758 968 2827 habent
992 2782 1041 2847 24
1060 2760 1162 2835 lineas
1183 2783 1214 2834 et
1232 2761 1288 2832 ulti·

431 2903 485 2947 ma
518 2880 588 2959 163
612 2878 775 2946 character
799 2874 923 2947 videtur
949 2877 1110 2969 pertinere
1138 2878 1181 2951 ad
1204 2878 1290 2949 Nico·

429 2996 516 3063 laum
546 2990 675 3063 Jenson.
710 2990 813 3079 Hujus
839 2992 984 3063 notitiam
1006 2992 1158 3067 habuisse
1186 2994 1291 3065 videon

428 3106 540 3176 Paiton
560 3108 705 3179 Biblioth.
721 3110 799 3206 degli
813 3110 899 3180 autlt.
916 3112 1111 3207 Volgarizati
1129 3114 1220 3187 Tum.
1239 3124 1295 3198 1⁰.,
1318 3162 1321 3181 .

422 3250 499 3319 pag.
526 3245 564 3318 23
576 3246 604 3295 2·

155 3419 345 3554 453*
381 3423 430 3502 61
464 3420 631 3507 Joannis
664 3397 874 3506 Cresionis
906 3423 1208 3510 vocabularium
1232 3428 1299 3507 Lt-

437 3553 727 3633 nou-Graccum
748 3583 841 3636 cura
872 3579 911 3636 ct
933 3553 1065 3636 studio
1097 3559 1209 3641 Boni
1229 3561 1300 3640 Ac·

437 3687 555 3766 cursii
580 3709 657 3763 una
682 3713 771 3765 cunr
793 3685 874 3791 eius
900 3683 1069 3794 epistola
1095 3687 1148 3772 ad
1173 3692 1302 3775 Anto·

436 3820 546 3899 nium
561 3812 791 3899 Braccllum.
808 3817 938 3915 Iri-4⁰.
965 3844 1019 3898 m.
1047 3847 1079 3900 r.

475 4022 675 4095 Termuratur
702 4025 767 4097 sic:

706 4248 731 4288 x
946 4249 975 4292 ,τ

667 4360 694 4402 x
742 4360 767 4404 x
795 4335 875 4422 finis
915 4365 941 4405 x
986 4366 1013 4408 x

696 4476 723 4518 x
944 4481 971 4523 x

785 4571 888 4632 Τέλος.
