2925 6525
234 1093 307 1189 '418
492 1088 521 1158 L
544 1085 563 1161 1
587 1086 615 1158 B
638 1083 671 1157 R
694 1079 716 1160 Ῑ
763 1084 788 1156 S
811 1085 848 1157 U
870 1085 897 1156 B

279 1232 357 1326 gello
383 1222 418 1295 di
444 1224 517 1293 Dio
547 1245 641 1292 natta
668 1224 752 1292 dado
788 1221 923 1293 archivio
954 1214 1115 1314 tripudii

281 1345 387 1414 d'Esti
407 1343 508 1411 divisa
529 1343 563 1409 in
585 1361 706 1432 quottro
726 1341 798 1408 libri
814 1361 969 1430 stampato
988 1341 1020 1408 in
1031 1337 1120 1428 forato
1141 1392 1145 1403 .

275 1487 335 1554 per
348 1462 515 1529 Francesco
531 1459 567 1525 dc
583 1456 679 1525 Rossi
694 1457 737 1524 da
753 1451 1124 1555 Valmza1568‚io-4⁰·;

281 1603 323 1648 ex
349 1599 417 1670 ¹27
442 1574 534 1647 foliis.

207 1796 213 1808 ,
330 1714 367 1782 ln
401 1707 492 1800 hujus
526 1707 710 1804 prefatione
743 1707 857 1783 dicitur
881 1709 968 1783 hanc
997 1706 1131 1780 historiam
1167 1716 1171 1733 ·“

281 1830 377 1902 fuisse
402 1830 549 1922 scriptam
570 1855 590 1899 a
614 1826 745 1899 'lbomai
768 1828 968 1924 Aquileiensi
992 1824 1134 1899 semrom

282 1946 469 2017 Patriarchae
481 1945 622 2031 NJcetae3
638 1964 671 2015 et
687 1943 804 2015 ibidem
820 1942 939 2015 deinde
955 1945 1046 2015 firisse
1061 1963 1139 2015 mans·

281 2065 377 2133 latam
410 2063 446 2147 in,
474 2058 582 2157 lingui
614 2063 798 2158 Provrnrali
827 2087 886 2155 per
916 2061 1087 2132 Nicolaum
1110 2057 1141 2131 de

280 2177 403 2250 Casoll
427 2179 686 2266 bononiensem,
712 2202 809 2275 quam
831 2179 1069 2259 translau'onem
1092 2178 1143 2249 ob-

283 2298 354 2367 tulit
369 2295 535 2368 Bonifacio
556 2294 669 2385 d’Est,
687 2296 754 2368 etc.
784 2293 884 2366 Unde
909 2315 1076 2393 utrumque
1092 2296 1147 2365 hoc

280 2413 418 2507 opus-in
443 2413 591 2487 auctione
611 2436 681 2484 non
699 2410 856 2484 dividetur
878 2437 943 2507 pro
964 2414 1092 2485 utilitate
1108 2412 1149 2483 lit·

282 2549 466 2603 teratorum.
550 2597 555 2604 .
626 2608 631 2616 ,

327 2666 468 2737 Historia
488 2667 558 2737 hac
584 2666 727 2739 fabulosa
752 2664 785 2736 in
809 2688 856 2761 30
883 2665 1024 2762 capimla
1046 2664 1150 2738 divid·

280 2799 341 2851 tur.
369 2780 544 2851 Charaeter
572 2783 811 2875 est·Venetus;
838 2783 935 2855 habet
962 2786 1154 2881 signatores,

279 2915 313 2966 et
329 2896 555 2989 praemittuntur
570 2897 626 2990 ipsi
643 2897 721 2968 folia
742 2898 809 2970 duo
826 2903 906 2970 'delle
925 2904 1080 2991 nebride,
1093 2902 1153 2972 boc

280 3031 327 3082 est
343 3011 451 3082 indicis
470 3011 689 3105 capitulorum.
711 3013 870 3109 Insignem
890 3014 985 3106 hujus
1004 3019 1153 3089 raritatem

196 3117 204 3132 ⁰
280 3128 396 3223 probat
410 3129 507 3202 altum
522 3127 563 3200 de
579 3155 620 3203 eo
638 3129 723 3225 apud
739 3133 977 3228 bibliographos
992 3135 1152 3210 silentium.

75 3346 219 3471 3'*
238 3345 302 3461 ς*
339 3345 400 3430 La
433 3376 572 3461 guerra
595 3336 763 3432 'd’Atila
797 3343 961 3462 flagello
1003 3349 1046 3437 di
1077 3351 1154 3434 Dio

90 3472 97 3489 ’
293 3503 409 3561 tratta
429 3476 537 3563 dallo
556 3479 716 3565 archivo
737 3476 788 3564 de
810 3486 824 3561 i
841 3485 1016 3592 principi
1034 3481 1155 3568 d'esti.

79 3529 159 3699 a
245 3611 257 3621 ”
293 3606 488 3720 Stompoto
531 3612 571 3691 in
604 3609 763 3693 Ferrato
794 3644 867 3724 per
889 3607 1088 3727 francesco
1115 3613 1156 3695 de

293 3735 411 3823 Rossi
433 3740 474 3822 di
492 3740 683 3855 «Valente.
707 3743 838 3842 In·4⁰·

334 3924 383 3992 Ex
409 3947 476 4016 127
497 3926 577 4007 foliis
597 3928 775 3999 numeratis.
799 3928 905 4003 Editio
929 3934 1086 4029 elegans,
1108 3934 1155 4004 ni·

287 4037 352 4111 tida
371 4058 404 4110 et
424 4042 586 4115 rarissima.
609 4042 671 4115 Hic
693 4045 844 4118 adunatur
864 4049 995 4120 historia
1011 4051 1104 4140 haec,
1124 4069 1155 4121 ut

274 4156 409 4262 ⁴possint
428 4158 551 4229 litterati
569 4161 725 4236 instituere
747 4166 952 4239 collationem
973 4193 1047 4244 cum
1064 4165 1156 4241 alteri

287 4272 431 4349 fabulosi
454 4280 534 4348 anni
560 4300 662 4375 1477.
