2925 6525
365 1090 438 1182 460
556 1170 560 1181 Ι
627 1078 834 1157 LIBRI
880 1082 1009 1155 SUB
1061 1082 1095 1169 K-

216 1242 326 1337 3⁴5²·
372 1245 424 1333 16
447 1243 565 1333 Joan.
594 1241 756 1327 Gritsch
780 1239 830 1326 de
846 1236 997 1352 Basileai
1017 1220 1172 1325 ordinis
1192 1237 1272 1331 Mi·

181 1368 251 1493 5¹3
309 1463 316 1473 ,
419 1400 564 1458 norum
591 1367 937 1487 quadragesimale.
968 1366 1117 1454 In-fol.

459 1559 502 1633 In
524 1561 587 1632 fine
608 1561 734 1657 legitur:
752 1583 929 1652 procurante
950 1562 1185 1652 expenduntque
1202 1560 1269 1629 An·

412 1682 517 1749 tlronio
544 1679 703 1775 Koburger
727 1680 787 1749 cive
815 1679 917 1770 oppid
945 1666 1128 1768 Numbergn
1160 1676 1268 1747 salubri

403 1798 474 1887 fine
500 1819 740 1868 consummarem
775 1821 861 1865 anno
903 1817 1030 1887 1479,
1061 1793 1174 1862 Martii
1207 1816 1267 1866 von

413 1916 471 1985 KI.
501 1918 593 1987 tertio.
616 1915 700 1984 Laus
721 1915 804 1986 Doo.

460 2051 547 2122 Folia
567 2050 723 2146 signantur
738 2048 879 2145 singulari
900 2045 1077 2135 methodo,
1096 2072 1166 2118 non
1180 2047 1212 2117 in
1225 2045 1264 2116 in·

413 2168 541 2257 feriori,
564 2166 619 2238 sed
641 2169 671 2237 in
693 2168 843 2262 superiori
868 2186 955 2261 parte
980 2167 1054 2237 sic:
1084 2166 1263 2257 aphoboun

404 2289 565 2379 primum,
589 2284 676 2381 quod
694 2305 741 2354 est
761 2309 785 2373 4
806 2284 955 2354 foliorum
978 2308 1075 2378 usque
1098 2282 1139 2353 ad
1162 2283 1263 2374 upta-

412 2404 509 2471 bemrn
533 2404 713 2490 XLVIII,
735 2403 776 2472 ita
802 2419 908 2472 tamen
932 2418 966 2472 ut
993 2402 1026 2470 in
1051 2399 1263 2494 posterioribus

412 2519 493 2591 toliis
516 2521 631 2591 omissa
658 2519 748 2591 fuerit
774 2519 823 2589 illa
849 2516 1026 2590 methodus.
1054 2515 1139 2586 Vide
1171 2514 1262 2587 Deris

411 2660 482 2732 928·
509 2661 590 2731 730·

216 2837 336 2945 6·ἶῆ
367 2856 416 2940 ¹7
448 2827 715 2937 Epistularum
741 2832 779 2914 S.
799 2833 1021 2926 Hieronimi
1041 2831 1196 2916 Tomus
1218 2855 1264 2914 se·

196 2970 241 3095 [ἢ
265 2930 315 3094 A
394 2957 580 3043 ⁴condus.
616 2956 756 3043 In·fol.

453 3148 491 3218 ln
513 3148 575 3218 fine
605 3150 741 3246 legitur:
772 3154 963 3243 epistolarum
994 3156 1071 3222 beati
1099 3128 1266 3223 Hieronirni

405 3293 481 3359 pars
501 3273 630 3338 secunda
653 3273 798 3362 impressa
819 3271 916 3340 Rome
929 3298 987 3362 per
1005 3275 1197 3341 itenerabilem
1220 3275 1266 3343 νὶ·

409 3411 475 3455 rtem
500 3386 658 3483 Georgium
685 3388 770 3455 laur
790 3391 825 3456 dt
849 3389 1004 3479 Herbipoli
1026 3391 1083 3456 sub
1104 3414 1191 3457 anno
1215 3390 1267 3457 dii

408 3502 457 3574 M.
478 3502 611 3575 CCCC.
631 3503 801 3593 LXXIX,
822 3508 867 3573 die
887 3530 954 3575 vcro
974 3510 1044 3573 lune
1063 3509 1171 3595 quinto
1190 3532 1269 3574 rnen·

407 3620 451 3686 sis
477 3621 606 3709 Aprilis.
639 3621 783 3716 Sequitur
813 3622 973 3722 registrum
1004 3622 1269 3717 quinternionum.

405 3733 535 3829 Absque
556 3737 688 3831 signat,
713 3763 800 3810 num.
822 3757 854 3808 et
876 3738 997 3810 custod.

452 3851 581 3923 Norunt
602 3879 713 3924 omnes
732 3855 900 3948 disparibus
922 3858 1008 3925 annis
1030 3857 1179 3949 prodiisse
1198 3858 1269 3929 To·

404 3968 462 4037 mis
482 3968 604 4040 duobus
627 3973 689 4045 hoc
710 3997 813 4067 opus,
836 3992 867 4042 et
888 3975 1041 4044 rationem
1060 3971 1161 4061 hujus.
1183 3975 1269 4050 Vide

404 4083 600 4184 Audiffredy.

133 4269 144 4298 ⁸
214 4286 334 4405 ,gs
360 4283 408 4363 18
438 4283 646 4372 Tractatus
670 4284 775 4373 utilis
797 4286 908 4378 valde
931 4288 981 4376 de
1003 4316 1139 4402 peste,
1164 4317 1266 4376 com·
