2925 6525
143 729 1298 995 —u-

337 1440 411 1525 RD
453 1446 603 1525 nNN
627 1454 660 1525 U
685 1447 723 1525 M
775 1450 878 1549 1480.
979 1482 1043 1562 175

270 1592 368 1699 ¹1¹fine
382 1628 503 1725 kp'tur:
516 1630 599 1719 finis
620 1634 703 1701 utilis
731 1655 874 1703 tractatus
894 1637 930 1704 de
951 1641 1047 1729 bido,

431 1807 542 1874 Sixncs
572 1802 745 1913 Reiffirrgrr.

278 1964 398 2051 (intret
420 1998 467 2051 est
492 1981 615 2074 elegans
637 1979 713 2050 Sinti
737 1979 924 2076 Reissinger.
961 1949 963 1953 >
1044 2020 1048 2026 ·

200 2180 439 2291 insolentiis
462 2220 512 2308 ¹et
550 2193 777 2281 utilissimus
809 2194 965 2283 libellus
998 2199 1047 2286 de
1099 2238 1139 2315 ᾖ
1182 2174 1218 2279 ⁴.
1259 2194 1276 2205 ’

230 2322 428 2437 seminari,
453 2324 519 2411 ubi
542 2350 601 2411 est
621 2354 707 2411 tota
725 2334 883 2412 materia
899 2328 1046 2439 duelli,
1167 2429 1173 2441 Ι
1208 2358 1213 2369 ’

224 2476 270 2537 seu
293 2456 496 2571 singularis¹
514 2466 739 2543 certaminis
763 2448 920 2546 noviter
942 2493 1047 2548 com·
1193 2450 1206 2471 ⁴
1267 2442 1273 2455 ¹

213 2584 330 2694 pilatus
358 2619 427 2701 pet
430 2646 536 2673 .....
564 2591 671 2673 Dfrm
699 2591 878 2676 Paridem
897 2592 946 2677 de
966 2595 1055 2678 Pu·¹

210 2718 282 2804 meo
308 2750 380 2833 pro
406 2720 507 2803 almi
532 2722 704 2806 Civitate
726 2720 949 2832 Neapolis,
979 2728 1048 2811 ubi

144 2860 145 2873 '
200 2849 330 2936 milites
358 2876 397 2935 et
421 2849 576 2937 nobiles
605 2877 795 2963 poterunt
821 2853 1046 2965 speculari,

199 3010 263 3068 etc.
290 2981 442 3070 Iri-fol.

230 3196 330 3293 Operi
347 3215 459 3294 praeest
475 3195 606 3290 epistola
623 3196 758 3268 auctoris
774 3197 813 3268 ad
825 3197 1047 3271 Constantium

185 3311 327 3385 Sforriam
345 3314 386 3385 de
404 3313 564 3409 Aragoniafr
581 3313 696 3385 Pisauri
715 3312 896 3387 Dominum
910 3344 983 3414 quae
999 3321 1049 3390 fo·

185 3429 255 3504 lium
282 3433 420 3528 primum
447 3451 594 3526 occupat.
630 3429 833 3526 Terminatur
859 3461 938 3529 opus
967 3437 1048 3507 folio

185 3573 287 3640 recto,
304 3551 421 3645 absque
439 3549 500 3619 ulla
521 3548 773 3644 subscriptione,
798 3569 828 3620 et
845 3554 958 3648 pagina
980 3555 1050 3624 haec

186 3665 273 3739 habet
300 3693 338 3763 13
369 3667 475 3737 lineas.
499 3665 589 3737 Folio
614 3690 708 3736 verso
729 3660 865 3763 sequitur
888 3671 1049 3763 registrum

191 3787 433 3882 quaternionum.

231 3923 352 4018 Paginae
375 3939 446 3993 sunt
472 3923 516 4014 36
541 3919 701 3992 linearum.
731 3920 835 3991 Editio
861 3921 929 3992 haec
953 3922 1051 4016 perti-

194 4062 255 4110 nere
276 4037 400 4109 videtur
422 4036 461 4106 ad
484 4037 596 4106 sixtum
617 4035 811 4134 Russinger,
832 4041 914 4110 circa
943 4064 1051 4134 1472,

194 4175 219 4226 tt
237 4159 368 4252 primum
392 4174 439 4225 est
465 4179 543 4247 opus
563 4155 746 4247 impressum
774 4161 808 4223 de
835 4160 961 4244 diuiso,
996 4184 1052 4228 seu

144 4297 145 4322 i
193 4277 339 4344 termnum
362 4272 497 4342 militari.
529 4270 627 4340 Caret
653 4271 827 4366 signaturis.
861 4274 965 4343 Editio
991 4299 1051 4367 pe-

192 4393 262 4466 nitus
284 4405 394 4491 ignora
416 4418 453 4464 ac
474 4391 635 4463 rarissima.

158 4651 220 4730 170
256 4602 538 4742 R'epertorium
581 4654 647 4712 seu
688 4624 969 4738 compendium
1010 4633 1052 4710 in
1134 4619 1314 4744 Meas

1119 4755 1294 4878 <ss-,cs
