2925 6525
335 1046 353 1063 ·
427 1072 473 1155 μ
580 1050 677 1126 rm.
708 1048 776 1124 Aa
806 1042 1037 1125 mvrrrr.
1068 1041 1189 1124 rm.

519 1190 718 1286 Comparatis
740 1209 843 1260 autem
864 1188 1016 1284 praedictis
1036 1188 1136 1259 bibliis
1161 1210 1236 1260 cum
1261 1188 1348 1279 episa

473 1313 543 1380 colis
565 1310 742 1377 Hieronimi
752 1362 764 1394 ,
787 1333 825 1378 ea
847 1307 1006 1378 emersisse
1026 1308 1119 1377 etiam
1137 1331 1177 1376 ex
1200 1306 1347 1378 Mantelii

472 1422 600 1498 officina
627 1424 776 1497 concludi
799 1450 927 1496 necesse
954 1441 1025 1512 est,
1055 1424 1146 1514 (sive
1172 1421 1344 1494 Mantelius

470 1541 565 1641 ipse,
592 1544 659 1614 sive
689 1542 765 1613 alter
788 1543 904 1614 horum
935 1543 1149 1613 characterum
1177 1542 1343 1637 emptione

469 1682 632 1759 possessor
652 1659 817 1754 evaserit.)

516 1780 575 1850 His
596 1778 676 1850 adde
697 1778 833 1848 rationes
859 1772 1004 1873 allegatas
1023 1804 1042 1849 a
1062 1776 1191 1850 Placido
1213 1778 1343 1868 Braun,'

467 1924 509 1971 ex
528 1897 639 1994 quibus
661 1893 821 1967 concludit
840 1888 904 1985 jam
926 1894 1000 1966 ante
1026 1920 1144 1966 annum
1171 1898 1263 1987 1466
1292 1894 1341 1967 his

467 2016 550 2113 typis
578 2012 765 2084 Mantelium
787 2012 949 2108 evulgasse
967 2014 1035 2084 hrec
1055 2014 1224 2085 bibliorum
1245 2014 1341 2086 volu·

467 2134 571 2218 mina,
582 2130 742 2227 multaque
756 2129 815 2200 alia
826 2155 897 2225 quae
910 2130 942 2199 in
955 2127 1046 2219 hujus
1059 2131 1193 2226 cata¹ogi
1205 2128 1339 2203 decursu

467 2250 526 2320 sub
548 2247 690 2318 Mantelii
713 2247 843 2318 nomine
866 2244 1024 2343 designata
1047 2268 1216 2321 recurrent.
1238 2241 1336 2321 Teste

467 2366 628 2438 Schwartz
645 2362 819 2457 imprimar.
839 2367 956 2434 docwn.
967 2366 1167 2456 partrprr'ma‘
1181 2388 1258 2462 pag.
1280 2386 1337 2462 30.

465 2482 560 2556 Extat
577 2484 609 2553 in
625 2482 775 2551 Biblioth.
801 2483 927 2553 consist.
949 2480 1123 2577 Studgard‚
1140 2482 1240 2555 Biblia
1263 2508 1335 2580 ger·

464 2603 587 2671 manica
603 2600 634 2667 in
658 2623 794 2695 quorum
813 2596 875 2667 fine
897 2599 1026 2693 legitur:
1047 2603 1168 2691 explicit
1188 2602 1242 2672 iste
1264 2603 1338 2672 mer

463 2741 551 2786 anno
562 2719 642 2787 dom.
655 2699 816 2786 millesimo
832 2718 1041 2812 quadringena
1053 2723 1239 2814 seragesimo
1249 2742 1335 2789 sexto

456 2860 515 2927 per
523 2833 715 2905 venerabitem
723 2836 821 2903 virum
832 2833 948 2906 johan.
956 2835 1334 2933 Ii1cntelinirzArgcnrind.

229 3017 334 3141 ὣ
417 3054 468 3138 19
496 3025 624 3112 Biblia
637 3055 745 3113 sacra
760 3029 917 3112 Latina.
932 3027 1077 3113 Imfol.
1089 3031 1211 3115 Tomi
1226 3029 1332 3139 duo,

149 3122 379 3318 *aad
426 3166 579 3245 'm.r.
637 3205 640 3211 ·

505 3329 631 3403 Tomus
660 3329 778 3427 primus
805 3335 987 3407 terminatur
1014 3361 1089 3408 cum
1110 3335 1281 3433 psalterio,
1301 3356 1332 3410 et

457 3448 568 3548 quarta
587 3449 654 3522 folii
675 3449 849 3540 columi,
869 3451 957 3542 cujus
977 3455 1084 3526 ultima
1106 3475 1139 3526 et
1156 3454 1225 3547 38².
1248 3455 1332 3527 linea

456 3569 500 3640 sic
510 3570 625 3641 habet:
640 3570 745 3640 Laude
760 3572 853 3640 Dum
870 3575 1007 3644 alleluia.
1026 3571 1160 3645 Caeterae
1178 3571 1258 3645 verti
1271 3599 1332 3647 co·

454 3683 572 3757 lumnae
595 3687 713 3758 habent
737 3684 796 3778 4r.
877 3679 879 3684 ¹
1003 3685 1023 3788 ι’

500 3801 626 3882 T,omus
638 3823 677 3875 11.
695 3805 834 3900 incipira
850 3808 1006 3901 parabolis
1023 3805 1221 3895 Salomoni53
1237 3804 1328 3898 hujus

453 3915 602 3989 columna
630 3916 729 4011 prima
754 3941 800 3992 est
823 3947 868 4018 39
889 3923 1023 4016 linear,
1047 3927 1155 3998 ulrima
1178 3925 1258 3997 verti
1280 3952 1323 4017 41

452 4060 524 4132 quae
539 4036 582 4107 sic
603 4037 784 4111 terminatur
804 4043 889 4112 vobis
907 4069 1017 4133 amen,
1034 4064 1067 4118 et
1086 4045 1233 4115 miniaror
1248 4045 1325 4117 sub·

453 4151 519 4222 dit:
536 4141 658 4244 explicit
680 4156 758 4224 Tom
779 4180 809 4227 2.
838 4157 939 4233 18a0.
959 4164 1089 4255 (1470)
1109 4162 1216 4234 Bibliae
1236 4158 1328 4249 hujus

452 4265 611 4341 charafier
637 4266 721 4344 idem
743 4292 791 4372 est
818 4299 885 4372 quo
908 4275 1052 4353 utebatur
1071 4273 1238 4377 Eggestein
1267 4303 1329 4374 pro

1195 4396 1327 4472 decreto
