2925 6525
414 797 773 887 ANNOrus
987 820 1061 888 nr

158 955 251 1022 verri
293 971 363 1020 XX
397 959 525 1042 Srprem.
557 958 671 1022 sedente
706 958 798 1019 Sixto
843 969 932 1018 1111
963 975 1054 1040 pour.

172 1097 293 1158 mar„
314 1096 401 1138 anno
422 1072 487 1157 ejus
507 1090 546 1141 V.

231 1226 321 1297 Folio
334 1251 431 1296 verso
443 1224 674 1318 subscriptionis
686 1245 770 1295 extat
782 1225 942 1319 registrum
960 1225 1055 1320 quin·

184 1343 383 1430 ternionum,
400 1344 453 1413 ubi
470 1341 704 1412 obseruandum
723 1343 894 1412 mirriatoris
906 1366 1055 1432 manum,

150 1480 153 1527 l
191 1456 264 1530 folo
283 1461 386 1555 primo
408 1457 571 1549 cujuslibet
592 1460 842 1555 quintemionis‚
866 1461 996 1530 litteram
1019 1487 1055 1547 u-

152 1586 154 1593 '
197 1598 261 1647 nam
281 1578 506 1672 alphabeticum
530 1578 735 1670 apposuisse3
755 1576 961 1672 eamdemque
983 1601 1054 1647 ma·

202 1717 264 1766 num
282 1697 310 1764 in
335 1697 465 1791 registro
485 1678 612 1765 easdem
633 1697 747 1765 litteras
776 1715 950 1789 reportasse
971 1695 1054 1790 apud

203 1815 430 1904 quintemiones.

241 1929 328 2002 Tunc
356 1950 485 2001 mortuo
509 1930 752 2027 Sweynheym,
774 1930 926 2000 Pannartz
948 1930 1052 2001 minu-

207 2045 260 2117 tiori
286 2051 466 2120 charactere
494 2073 566 2118 usus
594 2067 669 2135 est,
696 2047 751 2118 sed
778 2037 844 2116 uon
868 2047 969 2117 minlrs
991 2049 1055 2117 ele·

205 2187 287 2256 grute.
315 2165 412 2236 Indici
445 2192 503 2236 sex
531 2165 679 2236 foliorum
711 2165 857 2258 praemisit
889 2165 1055 2257 epistolam

205 2279 277 2355 Jorn.
298 2285 478 2355 franciscus
505 2285 648 2353 Venetus
675 2283 792 2353 ordinis
813 2279 1055 2375 praedicatorum

202 2398 392 2474 adllareum
420 2402 556 2471 Barbum
583 2399 784 2471 Cardinalem
812 2400 845 2470 S.
868 2398 999 2488 Marci,
1021 2398 1054 2468 in

201 2519 250 2614 qul
266 2546 298 2592 se
314 2520 469 2591 editorem
488 2517 578 2607 hujus
598 2517 742 2590 affirmat.

234 2639 348 2708 Forsan
369 2663 459 2708 error
483 2637 603 2732 irrepsit
627 2637 658 2705 in
684 2637 831 2729 catalogo
858 2635 971 2707 Pinelli
992 2634 1054 2708 ΝΟ.

198 2776 280 2847 944,
303 2738 356 2825 ubi
379 2755 489 2850 legitur
510 2753 622 2824 librum
648 2754 731 2823 huuc
764 2752 879 2823 Romae
904 2753 1054 2848 prodiisse
1102 2736 1108 2743 .

196 2896 269 2943 anno
296 2873 399 2965 1476.

164 3070 201 3161 46
223 3066 371 3154 Valerii
406 3068 572 3175 Maximi
600 3067 786 3151 Romane
818 3067 925 3151 urbis
960 3067 1054 3172 juris

199 3205 412 3310 peritissimi
445 3200 640 3283 factorum
670 3227 709 3283 et
746 3199 942 3285 dictorum
971 3224 1053 3277 me-

200 3330 439 3415 notabilium
456 3330 506 3414 ad
520 3330 726 3414 Tiberium
747 3333 932 3414 Cesarem
946 3326 1052 3410 libri.

160 3491 171 3514 ··
200 3462 335 3548 ln-fol.
360 3493 413 3546 m.
441 3490 474 3547 r.
934 3459 941 3476 ‘

229 3676 355 3771 Legitur
374 3675 406 3743 in
429 3677 514 3747 fine:
531 3702 654 3768 presens
677 3677 794 3746 Valerii
814 3676 954 3746 Maximi
978 3699 1054 3767 opus

187 3796 430 3880 prumtissimam
454 3798 489 3862 in
512 3797 703 3863 nobilissima
716 3796 856 3883 parisius
884 3819 969 3862 auno
996 3796 1054 3862 do-

193 3914 262 3980 nini
278 3911 328 3981 M.
346 3909 479 3984 CCCC.
499 3910 654 3998 LXXV,
665 3908 795 3999 feliciter
806 3934 851 3981 est
866 3915 1053 4000 impressum.

191 4022 394 4126 Typogrnphi
410 4028 497 4102 fuere
513 4027 621 4101 Petrus
633 4026 765 4098 Cesaris
781 4046 812 4099 et
823 4025 961 4102 loannes
972 4026 1052 4104 Stoi.
