2925 6525
415 1099 421 1113 ι

1057 1223 1062 1247 i

285 1409 384 1484 AD
435 1408 706 1483 ANNUM
761 1407 863 1501 1480.
993 1408 1040 1506 87
1141 1421 1143 1433 '

134 1586 222 1638 ms
243 1570 279 1636 dr
298 1570 445 1658 Abano,
467 1590 605 1664 quaeque.
630 1565 671 1637 ad
693 1564 796 1638 minis
824 1581 871 1637 est
896 1560 1038 1657 ejusdem
1135 1624 1154 1637 .

153 1707 246 1756 auur.

209 1801 286 1871 Vrd.
308 1799 437 1891 Denis,
455 1799 517 1873 N0.
535 1821 656 1897 42303
679 1817 711 1870 et
725 1799 757 1870 la
778 1799 948 1888 valliere,
970 1798 1035 1872 N0.

161 1938 227 2011 123
240 1941 267 1988 ι.
302 1916 426 1988 Contra
460 1916 588 1987 Saxiutn
619 1916 701 1987 hanc
733 1940 888 2010 reponere
923 1917 1036 1986 volen-

107 2024 115 2035 ’
156 2049 224 2103 tem
250 2033 282 2104 in
303 2039 441 2129 catalogo
459 2037 562 2105 libror.
587 2034 897 2123 Medioumnsium,
921 2031 1034 2104 merito

105 2167 110 2209 ῑ
154 2147 286 2244 insurgit
311 2149 465 2222 Camillus
492 2149 592 2221 Volta
625 2152 660 2219 in
689 2151 795 2245 saggio
814 2149 926 2244 storico
958 2151 1037 2219 della

142 2265 374 2361 'Typograpiia
402 2267 603 2341 Mantorana
618 2319 632 2360 ‚
662 2269 697 2336 in
720 2266 854 2360 ngia
870 2316 884 2352 ,
920 2262 1037 2358 17863

106 2438 107 2445 ,
156 2380 279 2473 irc-4⁰.

108 2580 165 2644 20
191 2554 328 2640 Sancti
352 2555 573 2670 Augustini
595 2553 644 2639 de
666 2557 842 2640 trinitate
862 2551 954 2638 libri
976 2555 1035 2646 V.
1095 2571 1312 2683 Ji*

166 2685 316 2772 In-fol.
342 2693 544 2797 maximo,
571 2716 626 2770 m.
652 2714 687 2771 r.
1082 2688 1209 2834 Μ,

208 2873 379 2945 Columnae
409 2874 537 2970 integrae
551 2900 603 2945 ex
631 2897 679 2968 47
711 2874 834 2965 lineis,
866 2893 906 2946 et·
927 2872 1035 2946 ultima

157 3015 232 3086 quae
256 3010 303 3062 est
325 2990 462 3062 secunda
483 2990 551 3062 folii
580 2990 689 3080 versi,
713 2990 809 3062 habet
831 3012 878 3089 5,
901 3015 1033 3089 quarum

156 3107 229 3178 duae
252 3107 444 3202 posteriores
462 3107 528 3179 sic:

202 3227 323 3294 Aurelii
346 3224 520 3321 Augustini
540 3225 669 3317 episcopi
689 3227 763 3295 liber
783 3227 818 3295 de
839 3227 971 3296 trinitate
982 3225 1032 3316 fi·

153 3345 204 3412 nit
214 3340 354 3429 feliciter.

203 3458 427 3553 Capitulorum
449 3458 528 3531 tituli
549 3458 750 3555 manuscripti
773 3478 870 3550 sunt,
893 3486 954 3532 nec
975 3485 1032 3532 oc-

155 3595 285 3647 currunt
305 3576 490 3670 signaturae,
508 3601 568 3647 nec
584 3576 752 3666 custodes,
772 3603 832 3652 nec
849 3578 995 3650 numeri..

204 3692 355 3763 Genuina
376 3691 482 3763 autem
507 3692 611 3764 forma
638 3693 824 3765 characteris
845 3694 956 3764 eadem
983 3711 1032 3762 est

153 3808 284 3903 prorsius
306 3834 343 3880 ac
371 3808 501 3880 Henrici
528 3808 760 3900 Ariminensis,
786 3814 821 3880 de
843 3831 885 3877 ιν
912 3811 1032 3880 vimni-

155 3927 213 3993 bus
228 3977 240 4012 ‚
258 3928 345 4017 impr.
365 3929 569 4022 Argentum,
585 3924 706 4022 dequo
724 3925 765 3996 ad
783 3949 900 3995 annum
927 3946 1031 4011 1472.

206 4041 296 4132 Quis'
309 4061 413 4113 autem
436 4041 530 4113 fuerit
553 4038 619 4130 ejus
640 4039 910 4139 Typographusi
936 4039 1030 4135 igno·

154 4178 269 4248 ratur,
296 4184 363 4230 non
396 4158 549 4230 diffitente
584 4159 653 4253 ipso
685 4157 814 4230 Placido
846 4158 981 4242 Braun‚
1011 4183 1031 4228 a

155 4301 223 4372 quo
239 4276 385 4347 accurate
407 4276 611 4363 describitur,
633 4295 785 4372 tanquam
803 4275 1030 4370 Bibliographis

152 4392 318 4487 praecipuis
344 4394 452 4488 ignota
479 4392 600 4480 editio,
629 4418 700 4488 pag.
731 4392 772 4485 83
798 4417 810 4478 3
839 4413 869 4463 et
897 4391 1029 4479 Denis,

151 4514 255 4602 suppl.
283 4512 417 4598 Mauo,
443 4511 503 4583 ΝΟ.
533 4509 604 4600 428
609 4534 654 4606 3,
677 4528 710 4580 et
729 4509 913 4599 Seemiller,
936 4507 1028 4579 fusci·

152 4628 228 4699 culo
251 4627 380 4722 primo,
399 4650 472 4722 pag.
499 4647 557 4725 35.

833 4725 865 4794 iv
