2925 6525
326 1446 359 1519 Α
386 1444 421 1518 Ν
444 1446 478 1547 Ν
502 1446 538 1519 O
593 1472 696 1543 ¹47¹·
907 1480 970 1543 241

149 1604 399 1689 ntichristum
445 1604 632 1717 Magistri
680 1604 869 1720 Hugonis
921 1610 1006 1695 de·

155 1765 236 1820 ovo
260 1734 419 1819 Castro.
447 1732 590 1819 In·fol.
616 1764 670 1817 m.
698 1765 732 1819 r.

149 1941 272 2037 Legitur
291 1942 323 2010 in
341 1941 428 2010 fine:

149 2098 285 2185 Explicit
309 2117 454 2165 uadatus
484 2098 519 2164 dc
550 2096 685 2166 Victoria
723 2101 834 2171 Christi
865 2128 971 2173 contra

150 2215 321 2282 asteriscum
353 2215 448 2281 ediuts
476 2238 532 2303 per
562 2218 750 2283 reverendum
782 2219 970 2314 Magistrum

149 2354 264 2426 gonem
281 2333 316 2397 de
331 2328 423 2400 Novo
447 2326 553 2399 Castro
569 2355 661 2400 sacra
680 2333 828 2427 theologia
841 2362 881 2402 uc
901 2337 970 2404 De-

149 2471 241 2514 onem
257 2446 403 2515 doctum
420 2447 633 2525 Parisicusun.
655 2453 756 2516 Anno
771 2448 819 2520 M.
834 2450 970 2525 CCCC.

149 2558 226 2634 [XI.

149 2678 226 2749 >uo
243 2697 414 2775 sequuntur
429 2676 503 2749 folia
516 2703 556 2750 ex
572 2678 686 2749 codem
700 2680 879 2753 charactere
897 2708 970 2780 quae

149 2794 326 2889 incipiunt:
338 2796 517 2884 Coujcerura
529 2797 779 2866 Reverendisst'mi
794 2800 829 2865 in
842 2822 898 2868 xro
908 2804 970 2871 Pa·

164 2910 301 2981 acuur
315 2912 399 2980 aaut
415 2896 541 2980 uruat
555 2914 589 2978 u
607 2913 689 2980 cusa
705 2913 971 2986 carutnusumu

149 3030 203 3097 reti
213 3029 296 3097 Petri
307 3031 353 3096 ad
359 3031 492 3099 vincula.
557 3030 591 3095 de
601 3031 716 3097 ultimis
729 3031 832 3098 diebus
848 3036 966 3104 mundi.

149 3146 182 3215 it
204 3144 385 3215 terminatur
402 3144 480 3214 folio
503 3155 598 3212 verso
623 3143 688 3212 sic:
710 3148 833 3234 explicit
851 3150 968 3237 conjec-

149 3291 159 3332 t
185 3265 303 3346 domiui
320 3263 444 3331 Nicolai
459 3264 493 3329 de
511 3261 594 3356 Cura
612 3261 785 3330 cardinalis
801 3266 836 3331 de
850 3270 966 3336 ultimis

149 3407 206 3453 us.

149 3498 257 3592 'agina
272 3499 339 3569 haec
355 3496 462 3568 ultima
479 3511 602 3565 constat
619 3518 634 3588 3
644 3517 658 3588 3
678 3492 786 3566 lineis:
804 3495 965 3570 character

153 3641 198 3686 ex
218 3639 260 3684 eo
279 3638 396 3709 genere
415 3637 481 3708 quo
502 3611 657 3681 Henricus
674 3609 775 3681 Kefer
784 3619 964 3703 pantheolo·

149 3759 172 3800 n
197 3733 402 3825 Nurembcrgae
422 3727 609 3836 inpressit,
639 3750 726 3797 anno
756 3752 870 3822 1473,
899 3729 963 3800 unb

149 3876 163 3919 ι
186 3845 438 3946 Sensenschtnid.

149 3967 188 4038 ix
221 3964 264 4061 38
298 3965 379 4036 foliis
404 3978 527 4033 constat
551 3984 631 4055 opus
652 3957 822 4055 Httgonis;
845 3962 960 4059 absque

149 4085 263 4153 tatutis.
899 4089 911 4101 '

149 4198 243 4270 {ditio
260 4199 327 4268 haec
345 4196 487 4292 opusculi
506 4193 633 4268 Nicoiai
655 4193 695 4266 de
719 4193 803 4266 Cusi
825 4195 885 4266 huc
909 4223 959 4268 us-

167 4313 226 4386 fuir
241 4314 355 4410 ignota.
373 4309 509 4384 Ratione
526 4311 617 4402 hujus
634 4315 757 4408 operis,
774 4313 852 4382 inter
868 4331 958 4388 testes

149 4431 226 4503 uatis
252 4449 470 4500 annumeratus
492 4449 538 4500 est
559 4457 578 4500 a
600 4426 722 4500 Marhiu
749 4429 957 4520 Francovitz,

149 4545 242 4645 quod
261 4545 442 4617 Lutheranis
461 4547 738 4617 subministraverit
760 4569 866 4615 ansam
889 4573 960 4618 eru-

149 4667 157 4736 i
195 4661 411 4758 ptaedictiones
441 4682 667 4735 consentaneas
692 4663 960 4770 persecutionibus

752 4777 790 4868 Q
