2925 6525
1161 1105 1166 1114 ι

422 1221 429 1238 Ι

414 1467 777 1567 ΑΝΝΟιυφ
980 1493 1048 1571 &5

231 1646 424 1742 Subscriptio
449 1666 533 1717 extat
555 1647 586 1716 in
611 1647 673 1717 fine
696 1645 787 1741 primi
815 1645 919 1739 operis
941 1665 973 1716 et
995 1648 1053 1718 alia

180 1767 269 1838 unita
293 1784 365 1835 sunt
384 1789 424 1834 ex
445 1762 560 1833 eodem
582 1784 725 1857 tempore
746 1781 777 1833 et
798 1763 979 1835 charactere
996 1763 1055 1833 mi·

181 1902 263 1953 nuto
285 1899 318 1951 et
339 1880 493 1975 gothic03
515 1881 630 1976 absque
652 1881 760 1975 signat.
783 1899 815 1949 et
835 1879 957 1949 custod.

141 2072 1051 2188 5BibliasacraLatina.In·fol.Tomidu0.m.r.
1190 2185 1197 2199 ⁸

231 2263 273 2338 In
295 2265 358 2335 fine
379 2263 589 2362 Apocalypsis
605 2266 737 2362 legitur:

183 2406 187 2413 -
229 2442 378 2511 Fontibus
400 2466 439 2510 cx
465 2440 579 2510 Graecis
610 2440 848 2534 chrcorumqroe
869 2445 953 2530 libris

280 2578 455 2649 Emdam
478 2579 555 2647 satis
581 2599 610 2646 tt
633 2579 770 2647 decorata
792 2581 887 2648 simul

231 2713 338 2782 Biblia
356 2712 404 2781 tri
422 2711 503 2804 psr'zs
522 2707 614 2806 rusios
635 2740 686 2810 ego
706 2733 795 2784 u'stor
814 2738 843 2784 et
861 2737 946 2784 astra

280 2850 343 2918 Est
362 2851 508 2940 impressa
530 2876 583 2919 nec
603 2854 637 2918 irz
658 2854 725 2919 orbe
745 2852 820 2919 milti
837 2852 944 2919 similis

230 2983 341 3076 Singla
357 3009 450 3080 queq3
471 2990 537 3055 loca
554 2996 595 3057 cti
611 2990 830 3073 concordantis
851 3008 958 3054 cxmrrt

282 3122 507 3216 orthographia
523 3125 619 3192 simul
630 3148 684 3214 que
700 3125 770 3189 berte
779 3147 887 3212 pressa
902 3144 1005 3191 manet

373 3255 423 3328 M.
448 3255 581 3330 CCCC.
603 3257 764 3330 LXXIX.

230 3430 404 3504 Character
425 3433 568 3529 gothicus
590 3459 664 3505 cum
686 3433 797 3529 signat.
825 3436 991 3507 Librorum
1012 3419 1054 3505 ti-

185 3550 240 3620 tuli
260 3549 295 3619 in
318 3568 405 3643 parte
429 3551 581 3644 superiori
605 3551 849 3645 imprimuntur,
877 3554 962 3623 etin
992 3552 1054 3621 fine
1174 3639 1180 3656 ι

185 3686 257 3736 sunt
273 3667 542 3761 interpretationes
559 3667 789 3770 Hebraicorunr
805 3668 979 3739 nominum.
997 3666 1056 3739 De

185 3783 231 3852 his
248 3782 346 3853 bibliis
365 3782 437 3855 vide
450 3782 563 3854 David
578 3783 725 3855 Clement
747 3785 847 3855 verbo
870 3786 972 3854 biblia.
996 3781 1053 3853 De
1128 3877 1130 3881 .

187 3899 299 3970 merito
319 3895 411 3990 hujus
433 3899 506 3972 vide
527 3902 631 3973 Braun
653 3927 724 3998 pag.
748 3926 827 3999 203.

143 4116 169 4196 ,6
197 4112 328 4201 Biblia
355 4144 465 4200 sacra
487 4119 646 4201 Latina.
675 4117 821 4205 In-fob

233 4303 270 4371 [n
297 4304 359 4374 fine
386 4291 597 4401 Apocalypsis
625 4307 764 4403 legitur:
795 4308 889 4377 biblia
913 4308 1056 4399 impressa

189 4424 223 4490 V
220 4423 322 4491 metiis
338 4446 427 4512 opera
443 4426 683 4514 atqueimpensa
701 4424 827 4493 Nicolai
845 4425 962 4495 Jcnson
979 4423 1057 4492 Gal·

190 4539 239 4604 lici
260 4536 309 4604 M.
330 4536 467 4611 CCCC.
489 4539 650 4614 LXXIX.

237 4671 411 4750 Character
432 4677 586 4775 gothicus.
618 4678 707 4751 Folia
730 4678 885 4775 signannrr
914 4697 989 4749 curn
1014 4674 1060 4747 ti·

820 4796 845 4864 F
851 4793 870 4863 f
879 4794 914 4866 iv
