2925 6525
118 4970 131 4999 k

286 1482 380 1557 AD
430 1485 697 1561 ANNUM
751 1486 854 1580 1480.
991 1517 1037 1588 99

162 1636 197 1694 et
229 1622 379 1694 columna
412 1622 479 1695 haec
515 1621 609 1695 habet
644 1629 691 1715 46
726 1626 822 1697 lineas
854 1624 1038 1721 impressio·

106 1754 109 1768 '
165 1738 214 1807 nis
236 1791 248 1825 ‚
278 1761 399 1808 caeterae
426 1732 505 1809 verd
532 1738 613 1829 48,
645 1743 750 1811 ultima
776 1768 845 1838 quae
872 1745 961 1817 tertia
990 1760 1038 1814 est

165 1853 265 1925 ultimi
288 1854 352 1924 folii
370 1855 463 1925 habet
481 1870 537 1946 30.
554 1856 697 1952 Uterque
715 1870 817 1929 tom'us
833 1880 917 1930 caret
934 1863 1037 1955 signa⁴

167 1971 274 2058 turis,
301 1972 443 2042 numeris·
472 1992 505 2042 et
540 1971 732 2043 custodibus.
765 1972 828 2044 Sed
859 1993 893 2046 ut
918 1975 1036 2048 dictum

164 2107 235 2173 est,
257 2083 434 2180 discrepant
456 2088 488 2156 in
508 2087 661 2158 linearum
685 2089 857 2182 quantitate
877 2111 908 2160 et
929 2091 962 2160 in
983 2090 1037 2161 lit·

163 2203 234 2273 teris
256 2201 474 2297 principalibus
497 2205 621 2300 quein
649 2202 764 2274 Tomo
786 2207 889 2298 primo
915 2205 1039 2277 deside⁴

161 2340 288 2409 rantur,
305 2322 385 2390 etin
403 2319 580 2392 T0m0110.
598 2321 684 2415 ligno
706 2322 811 2390 incisae
830 2340 901 2392 sunt
922 2346 959 2393 ac
976 2346 1039 2395 mr·

161 2438 267 2531 triatae.
286 2437 533 2532 Singularitatem
551 2438 632 2514 hanc
649 2438 745 2507 solvit
762 2437 904 2509 Placidus
916 2440 1039 2528 Brenn,

160 2577 235 2648 pag.
261 2576 299 2651 53
317 2606 329 2642 ,
349 2554 485 2647 probans
505 2579 545 2622 ex
562 2554 698 2621 Conradi
722 2552 765 2642 (a
783 2554 897 2649 Mure)
922 2556 1038 2627 Thuri·

164 2673 262 2738 censis
279 2672 433 2761 repertorio
451 2671 580 2738 Basilcae
596 2672 739 2760 impresso
750 2696 806 2760 per
823 2670 1037 2762 Bodotriam,

166 2787 320 2857 volumen
337 2784 473 2879 primum
491 2781 582 2873 hujus
604 2780 708 2856 Bibliae
724 2785 897 2880 procedere
915 2787 955 2858 ab
974 2788 1037 2861 hoc

163 2901 282 2974 codem
305 2899 480 2972 Berrholdo
492 2956 504 2989 ,
525 2900 599 2972 ditm
623 2900 749 2974 Tomos
774 2901 927 2974 secundus
946 2931 964 2975 a
984 2902 1040 2975 Ri⁴

161 3020 273 3091 chelio'
287 3018 416 3089 Basileae
439 3019 603 3113 impressus
627 3040 696 3103 est3
720 3017 808 3114 qdod
826 3020 977 3112 probatur
997 3044 1037 3092 ex

158 3134 267 3207 litteris
295 3135 513 3230 principalibus
541 3158 612 3231 quae
644 3130 765 3204 eaedern
799 3133 933 3207 ornnirid
964 3154 1036 3208 sunt

160 3279 199 3325 ac
223 3252 282 3323 illae
310 3253 421 3349 quibus
449 3278 508 3348 pro
537 3253 630 3323 variis
652 3250 824 3323 Bibliorurn
847 3252 1034 3325 editionibus

159 3393 234 3442 USUS
254 3390 310 3442 est·

209 3504 284 3577 Hoc
306 3525 410 3577 autem
432 3526 537 3601 posset
557 3506 674 3601 exponi
698 3503 833 3577 dicendo
855 3503 944 3602 quod
971 3505 1032 3578 Ri·

159 3624 279 3697 chelius
296 3621 489 3694 characteres
504 3622 743 3718 Typographiae
765 3623 925 3693 Berrholdi
942 3649 1042 3695 com·

159 3740 327 3835 paraverit.

211 3857 376 3947 Quantirm
399 3853 438 3924 ad
460 3851 687 3941 Berrholdurn,
709 3855 768 3925 fuit
790 3880 871 3925 unus
892 3876 930 3924 ex
951 3853 1036 3924 Gut·

162 3974 323 4067 tembergii
340 3974 456 4059 sociis,
478 3973 566 4041 initio
583 3973 654 4041 artis
672 3971 835 4053 inventae3
853 3968 941 4064 quod
961 3996 1036 4063 pro*

160 4093 253 4162 batur
274 4093 455 4177 exiendo,
481 4092 561 4157 anni
590 4109 706 4185 1455,
731 4092 809 4156 inter
838 4090 986 4155 Faustum
1008 4106 1038 4156 et

161 4209 365 4301 Gummbrrg.
382 4204 439 4275 De
455 4229 521 4300 quo
532 4201 597 4275 vid.
613 4203 803 4290 Mecrman,
823 4204 920 4271 Tomo
930 4208 1035 4294 primo
1118 4283 1121 4290 ¹

152 4352 230 4420 pag.
261 4348 330 4418 34,
356 4326 464 4418 origin.
488 4323 603 4418 Typog.
625 4373 637 4408 ‚
663 4340 695 4391 et
726 4322 821 4391 etiam
844 4320 1034 4407 Schwartz,

152 4444 307 4536 primaria
327 4444 630 4530 documenta‚parte
646 4442 776 4529 primi,
798 4463 872 4531 pag.
901 4460 932 4530 7.
955 4437 1034 4507 Ber·

157 4555 285 4631 tholdus
307 4576 372 4629 erat
394 4555 491 4651 patriti
512 4555 730 4625 Hanovianus.

140 4741 142 4746 .
204 4674 265 4746 De
284 4695 427 4767 tempore
444 4692 549 4743 autem
565 4696 630 4766 quo
643 4668 827 4765 prodierunt
844 4663 941 4740 Biblia
957 4669 1007 4739 illa
1020 4717 1037 4770 2

792 4784 825 4853 G
842 4782 860 4869 ij
