2925 6525
357 1482 723 1585 ANNOius
930 1509 997 1590 nr

151 1636 210 1724 Fr.
230 1637 442 1725 Nicolaum
469 1639 519 1723 de
539 1641 716 1723 Auximo
744 1639 896 1726 ordinis
920 1647 1002 1728 Mi-

164 1800 308 1875 nurum,
335 1770 386 1856 de
412 1769 684 1856 Osseruantiai.
710 1774 838 1883 Iri-4⁰.

188 1984 214 2055 ln
235 1985 296 2054 fine
313 1983 450 2078 legitur:
480 1983 627 2073 Impresri
642 2009 699 2073 per
718 1987 895 2078 magistrum
921 1989 1001 2060 Ple-

151 2100 257 2171 de'n'eurn
299 2104 334 2170 de
372 2099 535 2169 Conieibres
574 2099 609 2168 de
643 2101 776 2168 Verona.
799 2105 845 2185 ,in
884 2107 1001 2176 cierene

150 2220 207 2291 zeii
222 2244 305 2288 anno
326 2218 374 2289 M.
396 2215 529 2286 CCCC.
546 2215 691 2288 LXXV.
720 2240 806 2286 sexto
834 2220 898 2290 Kls
928 2224 1000 2291 No·

149 2339 265 2408 mnis.
286 2334 421 2406 Constat
443 2359 482 2404 ex
515 2355 578 2431 175
610 2333 701 2403 foliis.
727 2335 863 2407 Unicam
882 2339 1000 2410 habent
1110 2309 1115 2318 ι

149 2456 247 2550 pan'nae
264 2455 445 2526 columnam
467 2476 479 2536 ;
512 2451 675 2545 signaturae
696 2451 789 2523 etiarn
812 2479 849 2524 ac
873 2458 998 2526 numeri

149 2569 337 2642 desiderantur
368 2588 400 2641 et
424 2567 582 2640 custodes.

178 2705 287 2778 Unitur
313 2704 416 2794 huic,
442 2730 482 2774 err
507 2703 621 2774 eodem
646 2701 779 2777 omnini)
802 2705 998 2799 charactere,

149 2824 319 2920 Pcdonanze
354 2822 389 2892 de
418 2845 479 2891 tera
503 2845 611 2891 sancta
646 2825 681 2889 in
723 2823 865 2893 Jerusale
894 2798 921 2894 le
951 2830 999 2917 §le
1056 2844 1062 2875 ·»

149 2947 215 3014 rerise
239 2964 322 3035 prete
345 2943 518 3012 Baetulome
540 2940 726 3007 chanoniclro
760 2942 794 3008 de
816 2945 943 3032 puola,
969 2948 1001 3013 el

149 3057 179 3149 ll‘
201 3063 259 3130 edo
284 3061 415 3128 uixiean
437 3061 467 3125 lo
497 3076 603 3126 sancto
634 3059 772 3146 seprrlc63
803 3039 844 3126 ex
881 3081 904 3150 9
937 3085 997 3153 pa.

149 3178 243 3273 ginis,
281 3199 413 3274 quarum
452 3174 559 3244 ultima
592 3172 686 3243 habet
721 3175 767 3242 26
797 3173 891 3245 lineas
923 3201 995 3274 quae

149 3296 326 3367 erminantur
360 3293 430 3364 sic:
453 3294 571 3383 explicit
599 3294 681 3362 liber.

177 3414 281 3510 Opera
307 3412 376 3483 haec
402 3411 625 3505 ignorantura
659 3404 802 3504 Wading
836 3430 867 3482 et
899 3411 994 3483 etiam
1031 3457 1036 3465 .

149 3527 305 3603 Dominico
351 3529 455 3599 Mansi
488 3579 500 3615 ,
533 3527 565 3594 in
593 3526 677 3596 nove
713 3527 903 3600 Fabricianae
935 3532 994 3599 Bi.

149 3649 228 3724 llietlr.
251 3651 388 3719 editione.

179 3785 274 3858 Antei
306 3780 370 3874 jam
406 3781 437 3850 in
465 3780 621 3872 specimine
653 3801 728 3851 tneo
769 3781 804 3849 de
842 3780 992 3851 Romami

150 3905 323 4001 apograph&
360 3900 483 3986 retuli,
509 3925 584 3993 pag.
622 3921 703 3990 99,
741 3897 852 3967 librum
892 3922 990 3971 unum

150 4019 306 4116 inpressum
334 4019 365 4087 in
393 4015 502 4088 eidem
530 4014 653 4085 civitate
680 4014 797 4099 Aestii,
818 4015 990 4105 impressore

150 4143 266 4234 ragr'sero
290 4139 424 4206 Federico
453 4134 647 4221 Veronensi,
675 4154 761 4199 anno
800 4154 915 4226 1473,
943 4137 989 4205 die

150 4259 234 4343 narei
254 4254 421 4338 Octobris,
445 4249 532 4345 quod
563 4248 646 4343 priits
682 4274 701 4318 a
728 4250 853 4319 nemine
882 4252 989 4323 obser·

151 4395 231 4445 utum
257 4375 368 4444 fuerat.
399 4368 574 4439 Verisimile
608 4388 653 4436 est
686 4365 776 4460 igitur
802 4365 841 4437 ab
872 4371 986 4443 eodem

150 4492 324 4588 ypographo
354 4488 512 4580 vulgatam
539 4483 632 4555 fuisse
653 4486 831 4580 quadrigam
855 4487 988 4560 Nicolai.

150 4608 273 4683 'racnvi
306 4608 400 4679 etiam
426 4608 565 4676 Veronae
597 4625 720 4695 poetam
758 4602 901 4690 Dante,
927 4606 989 4674 im-

150 4749 262 4803 testum
284 4726 318 4798 in
344 4724 509 4798 nominato
538 4721 643 4808 luco,
672 4744 758 4790 anno
787 4745 818 4883 Ξ
815 4741 885 4812 472
908 4751 921 4811 ,
948 4722 989 4794 ab
