2925 6525
430 1065 506 1164 μό
697 1059 1089 1137 sluulsuu

421 1215 428 1227 ’
478 1204 519 1278 ad
535 1226 647 1274 eorum
664 1222 896 1289 monumenta,
917 1227 992 1273 cum
1013 1203 1127 1298 quibus
1149 1201 1243 1298 possit
1261 1198 1331 1273 iusti·

478 1323 522 1392 tui
539 1322 764 1414 comparatio,
783 1321 861 1390 sicut
877 1319 982 1391 fecere
998 1322 1120 1416 aliquot
1140 1322 1250 1393 abhinc
1266 1320 1331 1390 annis

478 1439 642 1536 peritiores
664 1437 718 1532 qui
738 1436 851 1531 figuras
869 1435 1061 1532 adscripsere
1080 1459 1135 1509 aut
1154 1439 1266 1510 Baccio
1280 1437 1333 1508 uu-

479 1555 544 1626 dini
564 1576 617 1625 aut
636 1553 759 1624 Sandro
783 1554 939 1628 Boticelli.

529 1691 630 1763 Priori
651 1711 756 1762 autem
776 1716 844 1761 non
865 1691 981 1762 debere
1000 1691 1171 1783 adjudicari
1193 1711 1334 1790 auguratur
1369 1730 1372 1737 ·

482 1809 717 1906 Tyraboschi,
747 1808 852 1879 dicens
877 1811 1009 1879 Baldini
1032 1836 1098 1879 non
1128 1815 1249 1882 essmdo
1266 1808 1336 1901 filice

482 1931 535 1996 nel
556 1929 725 2020 dissegnate
742 1925 866 2014 fhccasi
885 1931 1024 1997 assistere
1048 1931 1092 1997 Aa
1119 1933 1243 1998 Smdro
1263 1927 1335 1997 Bou'·

482 2047 569 2131 ce'lli,
590 2042 675 2113 und&
700 2041 741 2114 ad
765 2043 868 2114 minus
889 2042 1054 2115 delineata:
1078 2045 1205 2117 fuerunt
1225 2073 1245 2116 a
1265 2044 1336 2115 Boti-

483 2160 555 2233 celli
577 2160 655 2231 sicut
681 2160 894 2231 existimarunt
920 2161 1104 2259 Heyneken
1125 2218 1137 2255 ,
1161 2190 1233 2260 pag.
1259 2185 1338 2252 141,

484 2298 516 2350 et
542 2277 582 2348 de
606 2277 697 2348 Murr
720 2279 755 2347 in
783 2281 893 2346 diurno
916 2304 1091 2374 german03
1120 2280 1163 2352 de
1191 2306 1253 2377 quo
1278 2276 1338 2348 vide

483 2393 551 2485 eius
569 2398 777 2465 memorabilia
798 2397 943 2468 Biblioth.
962 2398 1158 2494 Numnberg.
1188 2400 1272 2470 Tom.
1295 2392 1339 2465 2⁰.
1381 2422 1383 2461 2

479 2541 555 2609 pag.
578 2516 658 2602 246.
676 2514 740 2584 Pro
757 2513 912 2584 Botticelli
931 2534 1037 2585 autem
1055 2540 1109 2585 eas
1124 2515 1262 2587 vindicat
1273 2510 1341 2584 Gori

483 2633 595 2701 notitia
622 2634 698 2725 degli
720 2634 933 2726 intagliawri‚
957 2633 1045 2704 Tom.
1075 2648 1121 2706 1⁰.
1134 2686 1146 2722 ,
1160 2661 1235 2729 pag.
1265 2632 1342 2712 1663

484 2744 552 2834 ejus
583 2747 880 2819 verba·referuntur
901 2750 959 2819 sub
982 2775 1067 2821 anno
1104 2749 1223 2841 1481,
1246 2748 1295 2820 ubi
1313 2746 1346 2818 de

482 2863 607 2932 Dantis
631 2865 767 2929 cmiii
789 2888 861 2933 cum
884 2865 1000 2958 figuris

235 3081 394 3191 &5⁴³7
440 3103 460 3190 5
494 3080 743 3161 Incomincia
769 3074 805 3159 el
837 3073 942 3163 libro
969 3079 1010 3164 di
1043 3080 1152 3167 Atila
1178 3076 1214 3167 el
1243 3080 1349 3197 quale

492 3211 533 3295 fu
559 3215 795 3322 ingenerato
823 3210 872 3296 da
902 3240 983 3297 uno
1019 3243 1119 3297 cane
1148 3244 1189 3299 et
1224 3222 1290 3330 poi
1317 3212 1350 3297 la

493 3342 628 3430 madre
657 3371 698 3426 se
722 3350 865 3428 marito
895 3374 1024 3430 auno
1051 3348 1211 3434 Barone
1237 3345 1349 3433 Anu.

490 3480 639 3576 In·4⁰.
722 3471 725 3477 ’

221 3240 272 3377 u
304 3196 358 3378 l(

533 3689 569 3756 In
596 3688 658 3759 fine
683 3689 821 3785 legitur:
840 3692 952 3778 finisse
974 3700 1006 3764 la
1031 3698 1170 3788 hystoria
1194 3701 1230 3767 dc
1257 3699 1352 3767 Attila

483 3804 732 3902 'dictoflagellum
754 3811 799 3876 dci
817 3816 971 3879 translata
992 3815 1033 3881 da
1056 3818 1164 3909 lingua
1178 3815 1353 3905 francescha

486 3926 521 3992 in
544 3926 643 3989 latina
664 3927 705 3991 da
717 3930 832 4015 pamla
853 3930 887 3993 in
904 3936 1017 4017 parola
1041 3934 1091 4001 del
1110 3959 1198 4001 anno
1220 3937 1286 4004 dela
1306 3937 1352 4001 in-

464 4043 661 4111 -carnatione
681 4045 730 4111 del
747 4066 851 4113 nostro
873 4048 992 4139 signore
1011 4050 1085 4119 Iesu
1107 4052 1229 4121 Christo
1253 4073 1351 4140 1421,

487 4186 577 4251 opera
598 4163 744 4250 impressa
761 4187 817 4251 per
837 4189 954 4232 maesto
978 4166 1122 4258 Phihppo
1148 4172 1184 4237 dt
1208 4172 1298 4238 Piero
1315 4170 1353 4233 Aa

402 4324 406 4334 ·
488 4280 615 4349 Venetia
637 4301 664 4347 et
688 4281 824 4374 diligente
845 4303 940 4350 mente
964 4307 1089 4355 correcta
1110 4312 1169 4377 per
1193 4288 1352 4356 Bartholo-

1292 4422 1350 4468 meo
