2925 6525
298 1423 705 1537 inuetitum
759 1461 862 1556 1480.
975 1483 1042 1556 203

157 1564 232 1676 ¹ad
267 1608 492 1711 petitionem
525 1603 739 1686 comitisse
766 1596 952 1684 Flandtic
979 1600 1046 1682 fae-

183 1710 308 1867 licitep
321 1739 477 1844 incipit.
499 1731 639 1817 In-fol.
664 1762 715 1817 m.
742 1762 775 1818 r.

224 1884 302 1973 Dui)
319 1902 387 1975 haec
414 1891 567 1999 tipuscula
589 1921 747 1998 occupant
768 1929 789 1997 7
810 1903 909 1991 folia,
932 1902 1046 1999 pagina

180 2012 272 2107 prima
291 2020 386 2092 habet
412 2045 458 2117 32
480 2021 576 2091 lineas
593 2041 625 2092 et
644 2022 753 2092 ultima
777 2043 832 2115 34.
1147 2016 1149 2021 ’

218 2134 316 2208 Caret
337 2138 473 2234 signat,
492 2163 580 2209 num.
599 2159 631 2210 et
652 2137 843 2211 custodibus.

218 2251 390 2326 Chatactet
413 2275 519 2328 autent
546 2258 681 2353 pertinet
708 2255 749 2328 ad
777 2257 869 2329 Joan.
899 2254 1047 2327 Schuslet

183 2364 413 2464 Augustensem.
872 2426 875 2431 -

225 2485 378 2561 Seetnilier
411 2509 499 2586 parte
527 2490 659 2586 primi,
692 2515 764 2586 pag.
800 2515 895 2586 131,
923 2487 1046 2561 videtur

191 2605 316 2677 eamdem
334 2607 452 2679 referte
473 2607 668 2697 editionem,
691 2635 757 2704 quo
781 2609 812 2678 in
833 2633 930 2696 casu,
950 2632 1047 2678 asser·

194 2716 256 2790 tioni
281 2721 344 2812 ejus
375 2725 418 2795 de
446 2722 671 2822 Typographo
710 2726 803 2798 Joan.
832 2724 946 2795 Zainer
975 2748 1044 2793 nott

198 2832 388 2930 albentem,
411 2859 469 2913 nec
491 2841 595 2913 Denis
619 2842 680 2915 N0.
704 2841 813 2937 6038.

232 2953 344 3029 [ittetae
361 2958 549 3055 principales
572 2984 638 3029 non
657 2980 736 3029 sunt.
751 2959 877 3050 incisae,
896 2982 972 3055 quas
993 2975 1043 3027 ta·

199 3089 252 3141 tuen
271 3101 335 3146 esse
362 3078 393 3146 in
413 3077 468 3148 sua
488 3074 621 3147 affirmat
642 3075 811 3148 Seetnillet.

166 3265 219 3346 208
242 3270 371 3353 Sancti
405 3271 572 3353 Thomae
604 3299 753 3353 summa
788 3270 837 3355 de
870 3266 1045 3353 articulis
1151 3234 1221 3341 ἦ

156 3413 159 3418 ’
200 3396 273 3482 fidei
296 3430 335 3486 et
357 3398 533 3486 ecclcsiae
560 3408 826 3486 sacramentis.
1104 3305 1295 3582 {Appi

237 3533 444 3617 Tractatus
474 3533 523 3617 de
551 3532 734 3644 periculis
767 3560 854 3645 quae
885 3538 1047 3616 contin·

166 3708 169 3714 ·
196 3689 312 3774 gunt,
341 3670 446 3748 circa
479 3692 762 3748 sacramentum
791 3665 1047 3790 Eucharistiap

155 3892 159 3901 Ι
194 3821 225 3877 et
250 3820 435 3880 tractatus
461 3795 635 3905 ejusdem
657 3793 706 3878 de
733 3794 881 3884 Judaeis
906 3793 957 3876 ad
981 3822 1049 3902 pe·

193 3930 364 4011 titionem
393 3928 617 4011 Comitissae
645 3923 859 4012 Flandriae.
881 3923 1045 4008 In-fol.

191 4085 236 4141 nt.
262 4089 294 4144 r.

223 4226 427 4301 Terminatur
446 4227 512 4299 sic:
536 4252 563 4298 et
580 4231 624 4298 sic
638 4231 781 4321 estfinis.

222 4347 335 4443 Pagina
357 4347 464 4418 ultima
487 4347 627 4418 habet-6
649 4348 771 4439 lineas,
794 4348 894 4443 prima
922 4371 991 4442 33,
1015 4364 1047 4416 et

183 4483 298 4534 constat
324 4462 366 4535 18
388 4461 481 4536 foliis.
557 4539 559 4546 ,

224 4582 270 4651 Ex
299 4583 479 4652 charactere
516 4606 582 4677 quo
617 4583 754 4657 Flachen
796 4607 867 4654 usus
909 4601 956 4655 est
988 4607 1048 4678 pro

181 4700 312 4770 tutatio
331 4699 425 4774 catal.
445 4693 484 4773 la'
498 4699 649 4774 vattitre.
