2925 6525
334 1475 429 1551 'AD
480 1464 908 1567 Annuunnr
1035 1499 1137 1573 93.
1274 1548 1278 1555 .

215 1628 427 1745 Speculum
451 1659 566 1742 super
590 1626 867 1716 emendatione
894 1633 986 1717 vitae
1015 1627 1087 1715 bo·

277 1768 394 1846 minis
419 1759 611 1877 religiosi.

207 1883 283 1974 De
313 1889 439 2007 gratii
464 1916 505 1975 et
530 1888 659 1975 {ibero
686 1888 863 1975 arbitrio.
1014 1940 1017 1945 ·

219 2020 430 2135 Apologia
461 2022 598 2105 Sancti
631 2020 820 2105 Bernardi
849 2018 900 2104 ad
927 2019 1116 2109 Clunia.

273 2180 413 2237 censes
441 2149 492 2236 de
517 2150 738 2237 concordia
763 2148 964 2236 ordinum.

247 2278 399 2371 ln-fol.
425 2294 538 2368 m.'r.

255 2489 459 2566 Terminatur
492 2494 645 2565 voiutnen
676 2482 779 2566 indice
811 2484 1013 2589 epistolarum
1046 2514 1088 2569 ex

213 2604 326 2703 triplici
343 2601 433 2682 folio.
447 2605 616 2682 Columnae
636 2603 766 2707 integre
782 2608 898 2681 babent
915 2614 963 2682 60
981 2604 1090 2683 lineas.

266 2723 344 2798 Vid.
365 2727 548 2815 Seemiiier,
558 2725 710 2817 fasciculo
721 2729 846 2819 primo,
866 2722 919 2798 ubi
937 2714 1091 2816 affirmat,

215 2864 291 2936 pag.
327 2865 426 2938 139,
455 2842 547 2914 fuisse
569 2843 782 2938 impressum,
805 2844 890 2915 cirea
919 2863 1093 2939 14703et

216 2957 341 3039 Placid.
357 2958 487 3048 Braun,
506 2979 577 3055 pag.
604 2963 660 3032 26.
683 2960 738 3032 Ab
757 2980 893 3056 utroque
909 2979 1012 3031 autern
1027 2959 1092 3032 edi-

213 3074 262 3143 tio
282 3076 333 3146 illa
354 3077 455 3171 ptaelis
481 3073 644 3172 Eggestein
668 3077 864 3165 attribuitur,
884 3076 1092 3174 accuratique
1191 3104 1203 3137 ⁴

210 3189 395 3265 describitur
406 3220 425 3264 a
436 3192 561 3281 Denis,
573 3199 673 3285 suppl.
690 3194 816 3284 Maia,
832 3190 892 3267 No,
906 3209 1012 3290 4371·

261 3308 393 3409 Absque
408 3311 592 3406 signaturis,
612 3310 774 3400 numeris,
791 3305 991 3403 custodibus,
1004 3331 1067 3385 etc.
1200 3405 1205 3419 ,

165 3544 218 3627 28
248 3540 383 3628 Sancti
416 3541 608 3627 Bernardi
636 3540 862 3657 opuscula,
899 3544 1090 3633 scilicet:
1159 3499 1277 3670 τξῗ

220 3703 285 3795 De
315 3699 523 3826 diligendo
550 3711 654 3797 Deo.
1136 3617 1192 3797 pi.
1205 3675 1264 3791 ἦ,

224 3843 289 3928 De
312 3870 556 3927 sacramento
577 3840 742 3928 Altaris.

224 3972 369 4059 Libelli
389 3972 471 4058 duo
490 3973 541 4058 ad
563 3970 699 4058 iratres
718 3974 767 4059 de
784 3995 920 4057 monte
938 3974 1031 4059 Dei.
1150 4029 1156 4036 ·

226 4106 325 4218 Ejus
359 4102 654 4218 apologeticum
693 4130 834 4188 contra
865 4105 1093 4194 Monathos

279 4240 419 4350 nigros
439 4233 762 4347 reprehendendo
792 4265 861 4320 eos
887 4236 936 4322 de
963 4238 1092 4326 abusi·

281 4395 360 4452 one
377 4374 420 4450 in
433 4365 555 4470 cibis,
570 4367 730 4478 potibus
746 4395 786 4451 et
805 4366 993 4473 edificiis,
1014 4399 1091 4462 etc.

229 4498 293 4581 De
313 4506 516 4611 praeceptis
537 4526 576 4583 et
596 4499 972 4611 dispensationibus.

224 4626 437 4716 Delibero
463 4632 628 4718 arbitrio
654 4658 694 4717 et
717 4628 858 4748 gratii.
957 4728 960 4734 p
