2925 6525
413 1072 457 1127 22
570 1041 1181 1121 LIB.ABINVENT.TYP.

458 1186 503 1256 uti
531 1175 747 1280 praedicator3
771 1210 841 1278 quae
871 1182 977 1253 tabula
998 1197 1134 1274 occupat
1155 1178 1224 1251 duo
1247 1178 1339 1255 folia.

414 1394 418 1398 .
456 1301 541 1381 Hinc
562 1302 721 1391 nascitur,
742 1301 774 1369 in
796 1297 861 1389 ejus
885 1299 1048 1387 editione,
1069 1295 1182 1393 gradus
1207 1296 1336 1392 perfec-

456 1419 549 1489 tionis
574 1439 606 1491 et
632 1418 816 1491 ac‘ctetionis
844 1444 937 1513 supra
964 1442 1035 1488 eam
1062 1415 1238 1504 Mantelii,
1268 1442 1335 1512 quo

458 1534 682 1632 Moguntiae
652 1536 775 1610 vicinus
788 1562 861 1611 usus
875 1536 1002 1626 fuisset,
1015 1531 1037 1605 fi
1056 1535 1124 1610 haec
1141 1559 1231 1606 suam
1247 1535 1335 1669 prio-

457 1655 545 1733 titate
566 1655 717 1750 temporis
736 1674 918 1750 superasset.

506 1777 542 1849 Iu
554 1777 669 1849 eodem
687 1777 849 1849 volumine
865 1776 1075 1871 compingitur
1091 1799 1225 1870 sequens
1239 1773 1334 1843 Trac-

458 1918 540 1974 tuttts
558 1898 703 1968 solemnis
720 1897 756 1965 dc
774 1917 836 1963 am
853 1918 880 1964 ct
895 1920 962 1966 vero
978 1897 1068 1963 modo
1078 1895 1280 1983 predicandi,
1294 1919 1333 1960 ex

346 2026 349 2032 '
456 2014 581 2087 diversis
603 2038 758 2082 sacrorum
781 2014 935 2081 doctorum
958 2014 1112 2102 supanis
1134 2033 1163 2079 et
1171 2011 1331 2100 principa·

456 2133 524 2209 liter
539 2131 740 2199 sacratissimi
756 2130 923 2199 Christiane
940 2131 1050 2197 ecclesie
1068 2130 1196 2196 doctoris
1220 2127 1332 2197 rhome

416 2230 419 2236 Τ
456 2250 492 2323 de
509 2246 658 2338 Aquino,
676 2249 710 2314 in
721 2272 822 2337 paruo
837 2272 893 2316 suo
909 2249 1041 2338 quodam
1061 2249 1220 2315 tractando
1239 2248 1330 2314 recol·

426 2456 429 2461 Ι
456 2370 571 2450 lectus;
595 2367 647 2434 ubi
672 2368 834 2436 secundum
859 2369 982 2436 modum
1003 2387 1031 2436 et
1043 2363 1185 2455 fhtmam
1211 2367 1331 2433 materis

450 2484 596 2583 presentis
615 2485 756 2572 procesit,

503 2599 701 2691 Opusculum
717 2597 781 2667 hoc
795 2623 835 2667 ex
854 2621 896 2669 10
909 2599 989 2669 foliis
1003 2600 1110 2695 incipit
1119 2598 1179 2671 sic:
1198 2625 1330 2668 commu·
1357 2676 1360 2680 ,

454 2717 622 2786 nicatums.
642 2709 717 2802 Ejus
735 2713 842 2785 iit'terae
859 2712 995 2803 majores
1011 2719 1116 2788 inciso:
1127 2715 1249 2788 suntad
1261 2717 1329 2788 for-

453 2854 540 2907 mam
558 2853 668 2909 earum
686 2831 798 2926 quibus
815 2833 957 2906 utebatur
977 2832 1069 2907 Joan.
1092 2834 1216 2906 Zeiner.
1239 2834 1330 2905 Cha·

455 2964 557 3018 racter
587 2945 654 3034 ejus
682 2932 842 3042 singularis
864 2970 920 3023 est.
949 2949 1006 3022 De
1033 2953 1097 3022 hoc
1125 2952 1237 3025 ultimo
1265 2951 1330 3028 vid.

454 3061 543 3135 D·'
498 3088 559 3135 nts
578 3070 677 3156 suppl
702 3071 799 3140 maist.
818 3068 887 3141 ΝΟ.
913 3093 1019 3167 4257·

138 3186 364 3381 471th
410 3237 587 3332 6Libet·
615 3234 870 3351 epistolarum
901 3243 959 3327 Sti
988 3245 1221 3359 Augustini.
1256 3251 1330 3333 In·
1368 3224 1376 3249 ‘

464 3369 675 3466 fohmr.

104 3383 303 3608 ‘inpos

498 3542 594 3638 Opus
613 3565 659 3627 ex
685 3543 804 3615 duabus
831 3548 1016 3636 columnis,
1047 3574 1180 3644 quarum
1209 3526 1329 3648 quaevis

455 3662 576 3756 integra
597 3686 641 3759 50
658 3664 753 3733 habet
775 3664 881 3739 lineas.
905 3664 1009 3736 Editio
1027 3667 1198 3763 Princeps,
1217 3670 1329 3765 ignota'

454 3775 600 3850 omnibus
617 3777 683 3847 feri
700 3780 950 3876 Bibliogriphis,
968 3784 1038 3878 ipsis
1055 3786 1150 3857 etiam
1169 3786 1327 3858 Benedic-

453 3890 540 3974 tinis,
554 3890 657 3959 Brauu
668 3918 818 3989 excepto,
836 3901 914 3991 (uid.
928 3903 1038 3971 Bruun
1049 3956 1061 3992 ‚
1066 3930 1102 3994 p.
1120 3904 1191 3995 10.)
1205 3902 1329 3973 Obser-

452 4004 593 4076 vandum
614 4006 646 4078 in
664 4033 728 4100 eo,
752 4015 839 4108 quod
862 4017 981 4088 folium'
996 4045 1042 4107 70
1058 4022 1184 4095 unicam
1204 4022 1327 4095 tantinn

452 4121 568 4200 hubent
584 4125 767 4200 columnam
785 4132 1017 4227 impressionis,
1036 4140 1130 4210 tribus
1146 4141 1212 4211 aliis
1226 4168 1328 4213 rema-

451 4239 596 4322 nentibus
618 4244 703 4328 albis,
729 4271 796 4343 197
817 4250 962 4353 epistolas
985 4255 1104 4329 tantitm
1127 4260 1266 4342 exhibet,
