2925 6525
106 1102 107 1107 r
113 1082 123 1097 Ι
499 1095 501 1098 “
696 1077 698 1079 ¹
1261 1094 1264 1101 y
1315 1096 1317 1098 ,

745 1129 748 1134 .
1345 1140 1350 1149 Ι

488 1173 494 1185 a
1187 1162 1198 1181 ί

106 1112 116 1235 ξ

380 1517 414 1588 A
439 1518 472 1591 N
498 1520 532 1590 Ν
555 1519 591 1588 Ο
651 1544 753 1614 1477.
952 1546 1024 1620 4¹9

145 1668 301 1759 blliblia
339 1703 447 1761 sacra
490 1678 646 1758 Latina.
696 1673 854 1761 In·fol.
900 1707 954 1764 m.
993 1710 1024 1764 r.
1104 1659 1106 1662 ’
1180 1745 1187 1754 ,

214 1861 320 1934 lnfine
341 1863 475 1959 legitur:
502 1866 678 1955 impressum
694 1890 815 1955 pernae
835 1866 1025 1937 Brmardum

173 1980 262 2051 Ritlcl
285 1986 376 2054 civem
406 1982 610 2064 Basr'letrtsem
634 1984 691 2051 sub
723 2007 810 2050 anuo
837 1985 1025 2055 incarnatas

168 2092 238 2168 bt't‘ce
259 2099 308 2171 M.
332 2095 467 2168 CCCC.
489 2095 651 2167 LXXVII
673 2096 720 2167 Vl
746 2100 821 2167 Idus
848 2102 1025 2189 Septembris

106 2196 108 2319 Ξ
165 2218 312 2286 itb'ctione
340 2213 410 2287 verb
435 2215 559 2286 decima.
591 2213 858 2308 Subscriptionem
886 2240 1025 2311 sequun-

106 2338 107 2353 ²
162 2351 204 2409 tur
221 2332 352 2429 insignia
371 2328 529 2420 Riehelii,
550 2348 583 2400 et
605 2329 685 2400 folio
706 2354 800 2400 verso
822 2331 927 2425 incipit
946 2335 1027 2427 epis-

122 2432 126 2439 ·
160 2451 218 2521 tola
241 2447 399 2520 Mainardi
421 2445 588 2520 Monachi.
616 2445 714 2517 Tituli
736 2449 913 2519 charactere
936 2450 1024 2543 capi·

157 2567 204 2637 tali
223 2567 257 2636 in
278 2564 457 2637 summitate
475 2563 657 2659 paginarum
680 2564 907 2656 imprimuntur.
932 2566 1026 2638 litte·

155 2708 196 2754 rae
215 2679 353 2772 majores
375 2679 554 2756 inciduntur
576 2680 654 2752 sicut
675 2680 706 2749 in
730 2681 825 2751 tribus
848 2681 1027 2776 preceden-

155 2799 232 2872 tlnts
258 2797 392 2872 Richelii
416 2801 575 2868 bibliorum
602 2795 798 2869 editionibus.
831 2798 1026 2892 Signaturae,

155 2942 239 2990 num.
272 2934 306 2987 et
338 2914 485 2987 custodes
517 2912 765 2999 desiderantur;
799 2913 854 2984 sed
892 2910 957 3003 jam
992 2915 1026 2986 in

135 3024 339 3131 'marginibus
363 3036 438 3104 novi
462 3035 631 3101 testamenti
662 3030 879 3124 imprimuntur
907 3058 1029 3101 concor·

156 3155 263 3221 danae
293 3175 366 3221 curn
394 3150 478 3219 libris
510 3151 623 3219 veteris.
658 3147 906 3219 Observandum
932 3138 1027 3220 etiam

156 3269 267 3341 litteras
293 3265 430 3358 majores
457 3267 550 3338 fuisse
574 3290 673 3361 usque
700 3264 740 3335 ad
773 3265 870 3335 finem
890 3272 1028 3357 psalterii

156 3385 324 3457 minimoris
341 3410 437 3454 manu
457 3385 635 3478 suppletas,
654 3380 730 3452 dum
752 3382 784 3451 in
799 3383 924 3478 reliquis
943 3384 1027 3453 libris

157 3527 254 3598 usque
277 3500 436 3574 adfinem
461 3501 565 3572 incisae
584 3479 667 3573 sunt.

123 3720 143 3795 7
180 3694 306 3782 Biblia
350 3726 461 3782 sacra
505 3697 689 3798 Latina,
728 3721 820 3779 curn
860 3688 1027 3805 epistola
1117 3660 1185 3794 3·
1224 3682 1254 3794 J

165 3828 379 3934 Mainardi.
404 3825 666 3940 Norembergae
692 3824 876 3937 Coburger
896 3850 1026 3935 1477,
1126 3831 1160 3925 5‘

164 3964 265 4069 terrio
291 3961 390 4044 Kal.
417 3958 597 4073 Augusti.
626 3953 766 4041 In·lol.
795 3981 849 4037 m.
881 3984 914 4037 r.
1149 3956 1157 3975 ⁵

200 4171 403 4243 Tenninatur
431 4194 506 4241 curn
534 4166 623 4238 tertil
652 4165 804 4238 columna
831 4164 1029 4263 apocalypsis

158 4314 229 4360 cum
260 4312 299 4359 21
327 4286 425 4358 lineis.
457 4285 597 4382 Epistola
630 4282 785 4353 Mainardi
811 4307 884 4353 cunr
905 4308 1029 4354 canone

159 4407 296 4503 sequitur
315 4424 348 4476 et
371 4421 508 4498 occupat
529 4426 583 4473 sex
607 4401 694 4471 folia.
718 4399 866 4494 Signat,
886 4425 973 4501 nuna.
998 4418 1030 4469 et

156 4521 301 4594 custodes
335 4520 582 4604 desiderantur,
617 4516 673 4589 sed
705 4517 863 4610 eleganter
898 4516 1028 4611 depictae

155 4658 227 4708 sunt
255 4639 364 4710 litterae
393 4633 541 4728 majores.
565 4635 698 4706 Extabat
723 4631 807 4728 apud
837 4632 868 4700 la
890 4631 1029 4702 Vallilre

157 4755 220 4828 rto.
244 4775 302 4852 35'
781 4842 883 4934 Dtij
