2925 6525
608 1298 655 1377 82
762 1294 917 1371 LIBRI
946 1292 1015 1367 ΑΒ
1045 1290 1219 1367 ΑΝΝΟ
1255 1320 1371 1395 1470,

702 1454 877 1527 character
903 1450 1028 1555 vitietur
1054 1446 1097 1523 ari
1122 1450 1264 1523 flachen
1292 1454 1328 1527 in
1359 1469 1371 1527 t

654 1574 820 1669 pertinere.
842 1570 1006 1643 Columna
1026 1568 1128 1665 prima
1148 1592 1190 1639 ex
1215 1568 1263 1667 38
1287 1572 1371 1645 lineis

654 1690 730 1761 tima
749 1714 790 1759 cx
819 1714 894 1783 19,
919 1712 1053 1785 quanam
1074 1686 1184 1761 ultima
1209 1688 1256 1763 sic
1282 1690 1371 1765 habe

700 1826 842 1918 Explicit
857 1826 1003 1895 crisolatio
1018 1826 1171 1915 p‘t'torrrrn.

701 1960 834 2057 Absque
855 1960 1042 2057 signaturis,
1064 1956 1203 2031 numeris
1224 1978 1261 2031 et
1280 1982 1371 2035 custo

701 2079 738 2149 in
764 2074 857 2167 hujus
883 2074 1028 2147 editionis
1058 2076 1229 2173 prologo,
1257 2080 1371 2175 appeli

655 2216 706 2268 tor
726 2194 829 2267 Jacob
844 2192 885 2265 de
904 2194 1111 2265 Ancharano.
1127 2192 1222 2265 Drinr
1239 2193 1275 2265 in
1297 2196 1371 2269 editi

659 2310 780 2403 1481,
806 2330 839 2381 et
862 2309 946 2406 apud
966 2308 1078 2405 Toppi
1106 2330 1140 2385 et
1163 2310 1371 2407 Nicodemi,

652 2428 694 2501 de
713 2427 880 2500 Theramo
901 2426 1072 2501 vocitatur.

321 2624 393 2653 ς’
421 2752 428 2767 .
478 2608 518 2757 ιβ’
610 2672 656 2757 13
689 2646 900 2731 Tractatus
927 2641 1117 2731 demissa
1140 2670 1209 2729 seu
1228 2646 1371 2733 officio

661 2780 789 2863 editus
809 2806 832 2859 a
860 2778 1063 2891 Magistro
1087 2772 1262 2861 Nicolao
1287 2782 1371 2865 Ant

659 2912 818 2991 civitate
853 2906 1052 2991 Theatina
1088 2906 1270 2995 Doctore
1315 2940 1371 2999 vet

659 3034 922 3123 decretorum.
950 3042 1081 3139 ln·4⁰.

701 3225 775 3298 Sine
794 3226 978 3323 signaturis,
1001 3224 1139 3298 numeris
1161 3246 1193 3298 et
1213 3226 1371 3302 custodibi

701 3367 750 3436 Ex
789 3367 969 3436 charactere
1012 3389 1079 3460 quo
1112 3361 1298 3434 Canonicus
1344 3365 1371 3436 H

653 3483 813 3568 huffen,
831 3481 874 3554 ab
890 3507 978 3552 anno
1000 3504 1115 3575 1470,
1131 3479 1172 3550 ad
1188 3505 1308 3552 annum
1331 3507 1371 3574 14

653 3605 744 3676 batur
769 3603 911 3673 Beronac.
940 3598 1058 3696 Pagina
1079 3598 1179 3693 prima
1205 3622 1245 3668 ex
1281 3599 1325 3668 28
1351 3602 1371 3670 li

654 3723 763 3795 ultima
791 3746 832 3792 ex
869 3742 948 3808 243
980 3716 1159 3786 charactere
1191 3707 1316 3810 c'apitali
1351 3737 1371 3790 tr

654 3845 722 3914 sic:
746 3845 804 3913 Sir.
827 3841 922 3908 Laus.
944 3837 1029 3904 Deo.

702 3979 752 4046 Ex
777 3975 819 4047 28
843 3977 934 4048 foliis.
959 3970 1017 4044 De
1041 3988 1170 4042 auctore
1191 3969 1267 4040 nihii
1288 3969 1371 4044 inver

353 4169 456 4293 [ᾗ
613 4216 662 4286 ¹4
692 4188 826 4274 Sancti
848 4191 1049 4274 Antonini
1071 4185 1371 4292 confessionale.

336 4322 464 4487 fist
652 4318 874 4434 fecerunt.)
903 4327 1032 4433 In-4⁰·
1063 4350 1117 4405 m.
1145 4351 1179 4404 r.

702 4507 902 4583 Tcrrninatur
926 4511 998 4582 sic:
1029 4511 1152 4604 explicit
1180 4535 1278 4582 sermo
1309 4511 1371 4584 Bra
