2925 6525
403 1499 434 1568 Α
461 1499 494 1570 N
519 1498 552 1569 N
577 1498 613 1568 O
666 1511 770 1593 1472?
983 1501 1050 1596 263

158 1631 354 1727 detegitur,
378 1636 432 1705 ubi
462 1636 502 1706 de
529 1634 747 1724 confessionale
769 1636 988 1713 Bartholomaei
1018 1641 1055 1707 de

167 1751 331 1839 Charmis,
348 1750 436 1847 quod
453 1777 517 1844 prae
534 1777 568 1821 se
585 1751 665 1838 fert,
681 1751 856 1822 Valdarferi
872 1753 1053 1850 Typogtssa·

165 1867 225 1961 phi
242 1892 376 1937 nomen.
391 1852 469 1937 ¹Vid.
485 1867 576 1961 suprir
591 1868 675 1939 hunc
693 1887 855 1939 auctorem
866 1895 938 1965 pag.
963 1893 1054 1969 115,

171 1980 235 2052 ΝΟ.
260 2008 313 2079 53.
331 1983 427 2053 Hunc
444 1983 598 2055 recensuit
615 1982 718 2054 Denis
728 2037 741 2069 ,
757 1989 857 2075 suppl.
874 1987 1054 2075 Maittaire,

172 2098 235 2170 ΝΟ.
262 2103 383 2190 4226,
405 2099 460 2171 sed
487 2125 561 2170 cum
589 2100 654 2171 hac'
680 2082 888 2189 diversitate,
911 2101 999 2197 quod
1020 2104 1054 2172 in

172 2215 280 2285 rabula
311 2215 489 2317 remissorii
522 2215 661 2287 Thomae
696 2215 884 2312 Doruiberg
914 2217 1054 2289 omiserit

173 2330 311 2402 decades
323 2333 388 2403 sic:
406 2358 492 2401 anno
506 2336 586 2405 dom.
604 2338 710 2404 milles.
726 2335 888 2428 quadring.
906 2336 1054 2421 sccund03

172 2447 250 2518 ditm
265 2450 297 2518 in
312 2468 423 2520 nostro
439 2450 567 2543 integrae
583 2451 746 2545 leguntur:
764 2454 870 2520 milles.
888 2454 1054 2547 quadring.

174 2588 309 2661 sqrmag.
328 2570 480 2651 secundo,
500 2570 568 2657 iota
588 2569 635 2636 die
656 2569 765 2636 Sancti
790 2567 925 2635 Martini
946 2569 1070 2658 Papa„

222 2681 308 2752 Vide
319 2682 430 2754 David
442 2683 591 2754 Cle'menr
602 2682 715 2755 Tomo
727 2681 889 2772 secundo,
907 2708 979 2779 pag.
995 2687 1052 2756 60.

126 2895 156 2979 8
183 2895 223 2979 S.
249 2897 470 3010 Augustini
492 2895 682 3009 opuscula
703 2896 752 2980 de
772 2902 900 2980 anima
917 2923 958 2981 et
976 2903 1055 3009 spi·
1132 2993 1151 3022 ι
1171 2878 1262 2942 ς*

182 3033 260 3110 ritu
289 3025 370 3140 (ex
393 3057 419 3137 9
433 3026 593 3141 fhliis.)
623 3030 685 3112 De
712 3026 929 3134 ebrietate,
957 3027 976 3139 (
1004 3063 1054 3111 ex
1115 2926 1260 3210 ἐπί

186 3162 209 3242 8
229 3155 397 3271 foliis.)
422 3158 492 3244 Ad
510 3166 684 3275 virgines
710 3158 760 3244 de
784 3159 995 3245 sobrietate
1014 3182 1053 3244 et
1178 3163 1184 3173 ’
1259 3168 1265 3179 ’

185 3288 384 3373 ebrietate.
421 3292 484 3375 De
521 3320 692 3406 quatuor
719 3290 928 3376 virtutibus
958 3293 1049 3377 cha-

185 3426 309 3505 ritatis
343 3422 432 3531 (cx
467 3451 514 3530 19
529 3420 691 3535 foliis.)
717 3420 767 3506 de
800 3429 1051 3507 contricione

186 3551 319 3635 cordis
345 3552 363 3662 ζ
378 3583 427 3634 ex
457 3584 507 3640 10
522 3550 686 3665 soliis.)
712 3556 845 3653 In-40.

221 3762 257 3830 In
270 3762 332 3831 fine
346 3763 456 3858 legitur
467 3789 476 3834 ε
483 3766 598 3854 finitus
611 3788 655 3834 cst
668 3767 743 3833 liber
754 3790 806 3834 seu
818 3786 962 3831 tractatus
973 3764 1052 3830 beati

178 3871 344 3974 Augustini
363 3881 508 3970 Episcopi
528 3881 562 3949 Y
553 3884 701 3974 ponentis
722 3883 757 3946 dc
778 3883 927 3947 cotricorre
942 3880 1049 3945 cordis.

179 4003 218 4064 co
248 3999 345 4064 ceteris
375 3999 542 4065 vectaculis
579 3999 721 4084 ejusdcm.
752 3998 852 4062 Anno
880 3996 919 4061 ab
946 3996 1051 4060 incar-

179 4120 270 4179 nacoe
296 4106 389 4179 dirica
419 4115 576 4181 millesimo
611 4112 904 4222 quadringentesimo
932 4131 1052 4200 septua-

174 4231 285 4321 gesimo
306 4232 388 4300 sido,
408 4232 482 4321 qiato
501 4231 576 4299 Idus
597 4232 758 4300 Novibris.

225 4346 273 4415 Ex
299 4347 479 4417 charactere
501 4345 679 4441 quadrato;
707 4347 823 4439 absque
849 4345 988 4438 signat,
1017 4364 1049 4416 et

176 4462 234 4530 sub
260 4462 353 4534 urrici
381 4462 530 4534 coiumni
559 4464 600 4533 ita
628 4482 662 4533 ut
687 4464 813 4555 inregrae
841 4450 975 4530 habeant'
1005 4485 1050 4550 24

140 4649 143 4656 ,
175 4580 281 4651 lineas.
302 4580 421 4655 ‚Editio
449 4580 569 4676 penitis
605 4582 666 4650 huc
698 4605 795 4675 usque
828 4578 937 4671 ignota
967 4596 997 4647 et
1030 4605 1050 4647 a

175 4698 264 4767 nullis
292 4698 474 4788 recensita,
497 4723 567 4794 quae
590 4697 751 4767 tamenin
774 4694 945 4767 Germanii
970 4720 1049 4790 pro·

808 4813 887 4885 Riv
