2925 6525
412 807 439 869 A
469 804 499 871 N
527 805 558 873 N
586 808 619 870 0
676 830 774 897 1473.
985 834 1047 898 31¹

207 939 247 1008 lii
268 943 416 1008 rr.·.·'.'.‘.'s'.·:.·›
440 948 731 1036 ‹penitirrgcn:ssirno
763 946 975 1037 septuagesimo
1000 970 1054 1011 rcr-

211 1064 255 1145 tio,
283 1082 364 1127 sexto
385 1061 453 1125 idas
482 1062 612 1149 Aprilis.
634 1062 732 1149 finita
759 1063 812 1127 deo
830 1062 961 1146 jurante
979 1088 1053 1150 per-

208 1174 265 1260 [πω
279 1203 331 1267 pte
356 1199 401 1244 est
418 1179 472 1243 illa
494 1182 606 1271 egregia
628 1202 751 1245 surnrna
780 1181 898 1248 Fratris
911 1180 1053 1248 Rainerii

210 1294 326 1362 kl'isis
361 1288 490 1362 Ordinis
519 1295 782 1365 Proditatorum:
812 1322 876 1385 qua
901 1300 962 1365 alio
989 1322 1052 1366 no-

138 1426 141 1433 '
204 1412 264 1478 nine
278 1412 494 1506 panelzeologia
524 1415 614 1502 quasi
646 1433 710 1480 tota
735 1413 881 1506 theologia
906 1414 992 1480 haud
1011 1416 1051 1481 ab

168 1602 175 1609 ,
202 1552 225 1594 n
239 1551 337 1597 rotata
368 1552 413 1597 est
434 1555 491 1619 per
520 1531 720 1599 industriosos
752 1533 946 1620 impressoria
976 1534 1051 1599 artis

170 1726 173 1737 Ι
199 1648 337 1738 nagr'stros
366 1646 474 1716 Jobe‘rn
498 1648 717 1716 Sensentlzmid
741 1651 775 1715 de
802 1649 889 1742 Egra
909 1670 937 1715 et
963 1647 1052 1714 Hen-

140 1826 144 1841 ‚
170 1832 173 1839 ,
199 1763 273 1829 titan
290 1760 387 1851 Kestr
410 1766 445 1832 de
468 1764 636 1861 Magantia
654 1748 751 1860 (non
772 1763 852 1834 veri)
875 1763 1051 1852 Koler‚ut

140 1898 146 1925 ²
197 1877 342 1972 perpetim
354 1879 552 1951 Mainairect
575 1882 625 1950 alii
637 1880 882 1976 ,)Nurmbtrga
907 1884 990 1985 urbis
1008 1883 1051 1948 ti·

195 2021 242 2067 tes.
265 2023 296 2066 eo
317 2001 455 2088 apposito
482 2002 675 2090 imprimendi
700 2001 801 2068 studio
835 2022 864 2067 et
889 2025 924 2067 ea
955 2001 1049 2067 corri-

141 2170 148 2195 ,
193 2114 267 2206 gcndi
283 2116 437 2210 diligentia
464 2142 519 2206 qae
546 2119 682 2185 adhibita
706 2143 768 2207 qua
791 2116 894 2203 major
917 2117 1050 2184 adhiberi

197 2232 242 2300 vix
256 2235 359 2321 possit.
384 2235 474 2323 deque
486 2233 553 2324 fine
574 2236 615 2301 sit
630 2239 700 2302 loas
725 2254 754 2302 et
774 2236 874 2327 gloria
894 2234 947 2301 eleo
969 2235 1050 2300 trino

198 2369 220 2414 tt
242 2372 300 2416 reno
324 2351 379 2441 qui
405 2374 449 2419 est
468 2376 526 2442 per
551 2355 650 2420 secula
677 2353 852 2422 benedictus.
875 2375 976 2421 amen.

228 2482 343 2556 Primus
366 2505 473 2558 autem
502 2486 608 2580 incipit
634 2486 817 2583 praefationc
844 2487 875 2556 in
909 2487 1047 2557 tabulam

173 2602 321 2696 ¹ptitnatn.
348 2605 385 2674 ln
410 2604 471 2676 hac
499 2624 603 2675 autem
635 2605 790 2700 singulare
816 2605 879 2675 hoc
904 2605 1045 2699 legitur:

150 2774 152 2779 -
187 2725 383 2809 panoniam
414 2743 516 2790 tamen
553 2747 613 2791 tsse
643 2725 729 2812 cupio
761 2727 924 2791 lectorem:
967 2724 1048 2790 leant

192 2840 310 2908 nbilam
336 2865 394 2930 per
413 2842 519 2908 omnio
541 2864 606 2908 non
627 2841 769 2908 omnibus
791 2863 946 2930 competere
960 2863 1047 2929 pan·

190 2946 327 3051 inteligiis
348 2958 401 3027 sed
423 2980 543 3026 tanturn
570 2959 631 3026 illis
660 2982 725 3047 qua
748 2980 822 3047 post
849 2983 967 3025 armum
990 2952 1046 3024 diei

188 3070 412 3145 Mccccux
424 3102 463 3144 ex
478 3076 633 3146 Gandaro
652 3076 804 3143 duxerunt
823 3079 965 3169 originem
983 3092 1045 3145 etc.

187 3189 261 3287 Ergo
292 3192 397 3263 inferri
428 3213 533 3288 potest
562 3191 710 3278 Gandavi
743 3192 840 3285 longi
863 3211 936 3261 ante
963 3191 1046 3259 hanc

187 3309 347 3382 editionem
371 3310 522 3405 prodiisse
550 3312 652 3381 aliam.
685 3309 830 3379 Praeeunt
863 3306 952 3401 operi
983 3325 1045 3375 tres
1089 3334 1093 3344 ·

181 3429 287 3499 tabulae
315 3455 386 3525 quae
415 3453 461 3524 30
484 3448 640 3524 occupant
671 3429 770 3512 folia3
798 3446 830 3497 et
865 3424 1046 3495 terminatur

180 3564 278 3618 tomus
298 3549 416 3642 primus
442 3571 516 3617 cum
546 3550 663 3616 dotibus
698 3548 820 3618 anima.

221 3683 382 3754 Secundus
407 3684 512 3779 incipit
542 3709 614 3756 cum
646 3684 805 3771 ebrietate,
834 3701 866 3753 et
894 3680 1044 3751 termina·
1130 3671 1133 3678 ’

173 3820 222 3872 tur
257 3828 330 3873 cum
358 3806 462 3872 ordine
490 3806 716 3873 sacramentali.

219 3918 347 3992 Tertius
369 3922 475 4015 incipit
502 3923 742 4011 compassione
772 3920 844 4006 xri,
876 3935 910 3986 et
936 3915 1044 3984 termi-

170 4056 266 4109 natur
291 4064 365 4111 cum
389 4038 475 4112 Zelo.
515 4038 687 4110 character
725 4036 870 4131 gothicus
908 4035 1044 4104 minutus

280 4150 286 4160 ’
807 4154 890 4223 Viv
