2925 6525
715 1155 731 1163 ι-
2064 689 2096 1163 Ι

427 1208 436 1219 .
1225 1199 1234 1205 ⁷

479 1250 488 1259 ⁸
2651 1230 2661 1237 -

2140 1336 2146 1343 -
2562 1326 2578 1343 Ι

1159 1366 1166 1377 ι

561 1542 858 1625 -AD
954 1539 1491 1622 ANNUM
1597 1559 2141 1637 1470u41

307 1766 421 1854 37
479 1740 747 1823 Sancti
793 1738 1240 1822 Hieronimi
1269 1733 1671 1849 epistolae.
1726 1732 2089 1824 Iri-folio.
2146 1757 2648 1923 js&

504 1926 738 1999 Textui
770 1925 1229 2022 praemittuntur
1261 1924 1392 1998 duo
1423 1924 1574 1997 folia
1605 1924 1820 1997 indicis
1854 1912 2169 2020 epistoia-
2182 1872 2589 2017 ζ’ᾒᾸ-,ζῗ

405 2069 582 2131 rum,
620 2069 761 2140 quae
805 2062 951 2115 sunt
987 2042 1110 2115 N0.
1164 2065 1347 2132 140,
1392 2066 1655 2136 quarum
1687 2042 1903 2117 ultima
1936 2045 2149 2116 termi-

405 2179 590 2232 natur
627 2186 774 2233 cum
816 2159 990 2232 tertia
1027 2157 1329 2231 columna
1370 2157 1506 2230 folii
1546 2157 1763 2230 ultimi.

499 2314 707 2389 Prima
729 2316 1030 2392 columna
1049 2332 1144 2385 est
1160 2316 1256 2404 46
1277 2312 1583 2391 linearum
1601 2364 1626 2405 ‚
1652 2331 1894 2391 caeterae
1910 2338 1990 2385 ex
2018 2336 2104 2416 50
2120 2368 2149 2408 ‚

401 2450 471 2509 et
516 2432 735 2503 ultima
778 2433 888 2527 36.

457 2686 462 2691 Ι
502 2584 698 2655 Caret
730 2585 997 2680 signat„
1029 2585 1274 2658 custod.
1298 2638 1322 2675 ,
1367 2585 1655 2683 numeris
1687 2602 1807 2661 ete.
1851 2585 1978 2663 Sed
2016 2588 2149 2682 pri-

405 2726 516 2772 ma
556 2702 759 2771 littera
799 2702 1150 2796 principalis
1194 2704 1509 2797 eleganter
1551 2701 1919 2798 depingitur.
1964 2702 2148 2781 Cha-

410 2834 615 2907 raet-:r
677 2816 845 2887 ide-m
910 2817 1174 2890 omnini>
1231 2839 1324 2889 est
1389 2843 1520 2916 quo
1593 2819 1695 2890 ille
1769 2823 2011 2916 Virgilii
2089 2822 2151 2893 la

411 2933 711 3007 Valliere.

498 3088 810 3159 Chartarii
872 3088 1118 3185 signum
1190 3088 1356 3161 idem
1424 3108 1519 3161 est
1592 3115 1726 3185 quo
1799 3090 2153 3191 Cadmlimn

399 3207 545 3290 anni
613 3209 797 3296 1460
831 3259 855 3292 ,
910 3205 1089 3302 quod
1141 3206 1325 3277 incidi
1389 3208 1632 3296 curavit
1694 3206 2015 3284 Schwartz
2080 3206 2145 3282 in

398 3326 731 3400 document.
772 3327 1093 3415 primariis
1117 3379 1141 3416 ,
1187 3323 1310 3396 ΝΟ.
1366 3336 1456 3398 1⁰.

493 3476 778 3549 Placidus
846 3479 1054 3550 Braun
1122 3479 1230 3576 qui
1295 3479 1492 3557 multa
1560 3480 1874 3560 recensuit
1948 3480 2144 3551 volu-

397 3595 570 3673 mina
609 3620 837 3665 excusa
881 3620 1027 3665 cum
1070 3596 1198 3666 hoc
1244 3596 1607 3672 charactere
1641 3648 1665 3685 ,
1720 3621 1909 3693 quem
1957 3596 2144 3667 Man-

399 3712 553 3782 telio
612 3714 917 3801 ascribit,
974 3715 1101 3785 hoc
1169 3713 1484 3809 ignoravit
1554 3713 1711 3785 sicut
1773 3713 1981 3787 caeteri
2044 3712 2145 3783 bi-

396 3828 749 3924 bliographi
784 3882 807 3917 ,
856 3829 935 3900 de
989 3828 1171 3901 Murr
1231 3849 1501 3924 excepto
1527 3883 1550 3918 ,
1595 3829 1702 3925 qui
1750 3850 1962 3901 tamen
2015 3829 2143 3900 hoc

400 3970 535 4014 non
568 3933 916 4041 descripsit.
960 3946 1086 4018 Pro
1138 3947 1350 4018 histor.
1404 3945 1920 4042 Typographicae
1964 3946 2144 4015 bono

404 4086 538 4130 non
574 4062 794 4154 parinn
835 4063 981 4134 facit
1011 4064 1262 4158 antiqua
1294 4060 1479 4151 hujus
1512 4063 1769 4155 ligatura
1790 4111 1815 4147 ,
1864 4061 1929 4130 in
1971 4057 2146 4147 cuius

403 4176 677 4248 faciebus
707 4180 913 4282 ’verba
938 4232 961 4267 ,
1006 4179 1288 4273 sequenti
1323 4176 1518 4271 figura
1537 4231 1562 4263 ,
1607 4201 1937 4272 expressa:
1975 4176 2143 4249 ferro

401 4292 709 4365 candente
740 4296 1091 4393 uncialique
1120 4296 1478 4371 charactere
1511 4296 1803 4391 impressa
1836 4317 1977 4367 sunt
1996 4350 2021 4384 ‚
2058 4322 2141 4368 eo

398 4409 652 4505 quidem
708 4411 910 4483 modo
976 4433 1045 4483 ut
1107 4436 1332 4482 eorum
1388 4413 1830 4507 genuinitatem
1884 4436 2142 4485 contra-

398 4526 607 4598 dicere
647 4554 841 4599 nemo
884 4529 1136 4619 valeat,
1172 4527 1461 4626 adtbque
1498 4550 1641 4602 ante
1674 4557 1905 4610 anuum
1960 4536 2143 4625 ¹469

396 4661 698 4772 prodiisse
746 4666 1045 4764 probatur
1072 4690 1090 4739 ε

2552 1700 2637 1713 .....
2640 1698 2691 1711 .-
