2925 6525
821 1010 826 1017 .

286 1374 380 1499 nl)
414 1390 461 1494 'A
486 1420 520 1493 N
545 1421 581 1496 N
605 1418 639 1495 U
664 1422 703 1495 M
757 1420 860 1515 1480.
965 1451 1029 1523 ¹91

197 1580 327 1679 Insigni
342 1605 428 1673 quem
443 1577 621 1669 laudasne
632 1606 705 1675 gens
717 1603 839 1671 postera
845 1584 962 1673 pressu

260 1720 347 1810 Spica
355 1740 515 1809 premens:
533 1719 609 1785 artis
622 1720 720 1811 glorio
733 1722 838 1809 prima
848 1745 912 1789 sue.

226 1892 296 1983 Quis
306 1911 407 1964 autern
423 1917 463 1963 ex
477 1890 621 1962 Johanne
635 1913 687 1963 aut
699 1892 872 1965 Vindelino
889 1893 930 1964 de
946 1876 1048 1990 spiri

162 2006 260 2081 fuerit
272 2006 356 2097 hujus
372 2012 544 2105 impressor
555 2027 586 2079 et
603 2035 667 2105 quo
686 2035 772 2080 anno
788 2011 959 2104 prodierit?
977 2013 1035 2082 de·

172 2122 255 2197 finire
266 2125 389 2197 difficile
406 2146 475 2212 est;
498 2126 583 2196 hunc
604 2146 711 2223 tamen
733 2126 941 2198 adscriberent
957 2129 1038 2199 Vin·

182 2237 291 2335 deliro,
308 2243 507 2341 sequentibus
527 2241 646 2313 innixus
663 2242 845 2316 rationibus.

228 2393 268 2452 ιθ
297 2378 458 2451 iohannes
490 2378 565 2449 dicit
597 2379 630 2447 in
660 2376 723 2449 fine
756 2379 864 2473 primae
894 2380 1039 2455 editionis

140 2528 141 2541 ¹
193 2482 357 2583 spiscobznen
390 2498 570 2586 Ciceronis,
604 2499 683 2567 anni
717 2498 837 2589 1469,
865 2499 945 2569 hanc
973 2524 1040 2571 esse

195 2613 300 2704 prinum
333 2611 401 2703 eius
432 2615 605 2700 laborem,
632 2640 700 2683 cum
732 2617 820 2684 labor
847 2615 895 2683 iic
917 2620 1040 2708 prinus

195 2736 278 2803 unu
294 2735 477 2825 seperaveris
497 2736 616 2804 Artem.

225 2865 295 2941 Non
322 2893 401 2965 ergo
425 2868 527 2965 potuit
561 2869 699 2938 Tacimnz
727 2870 884 2964 appellare
906 2872 1043 2961 primane

192 2990 294 3079 ponam
310 2991 386 3057 artis
405 3012 490 3075 suu,
511 3010 606 3082 quant
623 2984 686 3075 jain
704 2986 736 3055 in
758 2986 884 3058 edendo
908 2990 1043 3058 Cicerone

193 3125 358 3177 consecutus
379 3105 491 3176 fuerat.

230 3258 271 3317 2⁰.
286 3243 458 3314 Choracter
470 3241 627 3337 utriusque
640 3241 783 3312 editionis
795 3246 986 3334 epistolarum
998 3245 1045 3313 ίῖ

190 3365 304 3451 tenuis,
321 3363 438 3449 Plinii,
451 3384 478 3429 er
496 3363 666 3455 Augustini
679 3364 713 3428 de
727 3363 843 3430 civitate
855 3364 938 3449 Dei,
957 3360 1045 3456 (non

186 3480 258 3548 eisin
283 3481 360 3549 aiios
389 3479 577 3572 impressisse
608 3476 703 3544 libros
739 3475 915 3547 iohannem
951 3497 1047 3547 testa-

186 3614 227 3665 tur
256 3598 348 3692 ipsius
385 3596 478 3665 frater
512 3596 544 3664 in
578 3593 802 3687 subscriptione
835 3593 1046 3691 Augustini.)

184 3737 299 3811 sernper
326 3713 409 3786 idem
443 3739 503 3807 pro
532 3712 623 3799 illis,
655 3711 809 3806 discrepat
840 3714 880 3782 ab
910 3736 1049 3805 eoquo

185 3832 301 3903 Tacitus
322 3834 488 3926 impressus
510 3848 580 3915 est,
607 3827 681 3898 ditm
705 3827 784 3898 verb
808 3827 891 3897 idem
917 3825 1049 3896 omnini)

181 3951 275 4019 estin
301 3949 385 4018 libris
414 3972 494 4043 quos
518 3945 717 4041 sequentibus
748 3945 835 4014 annis
865 3943 1051 4014 Vindelinus

182 4066 342 4161 impressit.

228 4181 284 4278 3⁰.
310 4179 528 4252 Adccribendo
557 4181 696 4249 Tacitum
724 4177 896 4249 Vindelino
923 4178 1052 4251 soliitur

182 4300 293 4368 veritas
317 4297 570 4393 subscriptionis:
594 4301 682 4366 Artis
710 4301 809 4392 gloria
830 4300 935 4387 primu
963 4322 1054 4384 sue,

184 4416 261 4486 sicut
303 4417 450 4485 Ciceronis
493 4417 624 4505 epistole
662 4413 784 4484 fuerant
815 4421 937 4502 prunus
968 4415 1056 4482 lacior

186 4534 355 4604 Iohannis.
1108 4612 1110 4617 ¹

235 4665 286 4736 4⁰.
303 4647 482 4721 Vindelinus
500 4648 531 4719 in
550 4650 718 4743 Augustini
735 4644 959 4739 subscriptione
977 4673 1057 4721 cuu-
