2925 6525
377 1420 760 1523 -ΑΝΝΟιῃμ
883 1441 886 1445 ’
966 1448 1039 1524 μ9

171 1564 260 1637 bentis
280 1560 417 1660 legitur:
441 1568 564 1656 explicit
581 1569 732 1656 speculem
751 1564 904 1635 historiale
921 1569 1040 1640 Fratris

180 1686 313 1752 Vincmtii
321 1684 440 1749 ordinis
449 1683 675 1751 Prcdicccorum
686 1684 864 1774 imprcrsum
867 1686 1040 1778 pcholan·

184 1825 235 1869 mm
250 1801 408 1873 Matella
426 1827 513 1869 anno
528 1778 646 1872 doinini
662 1806 822 1873 millesimo
838 1809 1040 1902 quadringen-

186 1919 264 1987 tesimo
280 1923 498 2014 scpmagcsimo
514 1922 601 1989 tercio
617 1924 729 2012 quarti
746 1924 794 1990 dic
811 1923 1000 1997 Decembris.

219 2051 255 2126 In
273 2056 338 2126 hoc
364 2047 534 2150 eriemplari
558 2057 669 2129 formae
696 2059 843 2129 maximae
867 2061 1038 2133 observan-

183 2172 271 2242 turin
299 2172 357 2244 orfi
380 2174 487 2243 infima
516 2175 635 2271 aliquot
665 2178 831 2272 signaturae
863 2177 946 2273 typis
978 2178 1039 2247 irn-

185 2313 303 2383 ptessae,
329 2292 441 2387 quibus
473 2295 686 2388 compactoris
717 2296 955 2364 instrumentum
983 2321 1039 2390 pe·

187 2409 273 2500 percit
293 2407 456 2481 Deficiunt
482 2411 515 2479 in
543 2411 608 2481 hoc
637 2411 713 2481 folia
745 2410 889 2508 quadam
919 2411 1038 2484 indicis.

188 2522 293 2620 Absque
324 2527 397 2596 armi
430 2526 538 2614 noth
568 2528 661 2598 aliam
695 2527 869 2601 editionem
897 2530 1039 2624 vulgavit

192 2635 349 2736 Mentelirr,
377 2641 417 2714 de
446 2644 509 2741 qult
537 2644 627 2718 infra.

160 2854 197 2938 ³¹
222 2837 399 2926 Leonardi
434 2840 664 2954 (Mathai)
707 2841 759 2927 de
797 2845 926 2927 Utino
956 2872 1037 2927 ser·
1144 2820 1158 2860 Ἀ
1191 2939 1193 2946 ,
1303 2826 1308 2835 .

202 2994 308 3056 mones
331 2980 439 3057 aurei
464 2973 516 3058 de
542 2975 712 3060 Sanctis.
745 2972 885 3060 In·fol.
916 2975 1040 3059 Tomi

203 3096 413 3210 mmmm

228 3270 255 3341 In
277 3276 334 3346 fine
358 3277 494 3372 legitur:
522 3281 691 3369 expliciunt
717 3304 867 3349 sermones
868 3334 963 3354 ......
998 3285 1044 3351 ad

197 3387 286 3460 laudem
311 3397 358 3463 dci
378 3418 406 3463 ct
423 3399 555 3491 gloriam
581 3394 629 3464 dci
654 3399 867 3485 omnipotentis
897 3420 924 3466 ct
949 3403 1040 3468 tocius

198 3510 253 3574 ruric
267 3514 476 3602 triumphantis
496 3513 545 3588 M,
563 3512 698 3582 CCCC.
714 3512 888 3586 LXXIII.
908 3515 992 3586 Vide
1011 3517 1041 3586 la

197 3616 305 3699 Valliire
327 3630 388 3701 ΝΟ.
414 3633 509 3723 690,
533 3646 565 3700 et
587 3630 758 3700 Crevenna
777 3632 838 3702 N0.
865 3633 965 3721 682,
988 3634 1042 3703 ubi

198 3738 297 3816 r&fertur
324 3749 443 3842 integra
466 3749 662 3843 subscriptio,
694 3748 804 3819 Media
829 3776 900 3843 pars
928 3748 1043 3841 hujus,

198 3875 237 3925 ⁵211
257 3859 375 3936 Tomus
398 3864 555 3936 secundus
581 3865 702 3936 tantirm
724 3868 849 3937 extabat
872 3864 955 3958 apud
976 3866 1042 3959 pri-

196 3991 283 4066 murn
308 3984 340 4052 in
372 3982 485 4054 Tomo
524 4002 629 4053 autem
663 3986 767 4077 primo
799 4002 909 4076 praeest
946 3984 1043 4053 textui

196 4093 354 4189 registrum,
385 4125 441 4170 seu
471 4099 566 4171 index
589 4126 629 4171 ex
663 4123 704 4200 25
737 4101 845 4188 foliis,
873 4121 905 4170 et
931 4100 1042 4170 folium

194 4206 256 4282 aliud
281 4220 391 4288 tabulae
426 4244 608 4290 sermonum
644 4220 676 4288 in
710 4239 844 4314 utroque
880 4219 1044 4290 volumine

191 4347 401 4409 contentorum.

228 4446 314 4523 Caret
337 4453 473 4547 signat,
498 4478 585 4523 num.
607 4473 639 4524 et
662 4452 810 4538 custod.;
833 4474 865 4523 et
887 4455 1046 4525 character

190 4559 251 4634 dem
281 4590 327 4639 est
356 4569 492 4641 omnini)
525 4596 649 4665 aequo
676 4572 819 4642 utebatur
846 4569 959 4640 Zellius
986 4597 1046 4666 pro
1169 4613 1173 4620 ·

185 4677 295 4755 Robcrti
315 4688 481 4758 Caracciolc'
502 4691 712 4780 sermonibus,
729 4691 793 4759 hoc
812 4686 928 4757 eodem
949 4712 1046 4761 anno.
