<?xml version="1.0" encoding="UTF-8"?>
<!DOCTYPE html PUBLIC "-//W3C//DTD XHTML 1.0 Transitional//EN"
    "http://www.w3.org/TR/xhtml1/DTD/xhtml1-transitional.dtd">
<html xmlns="http://www.w3.org/1999/xhtml" xml:lang="en" lang="en">
 <head>
  <title>
</title>
<meta http-equiv="Content-Type" content="text/html;charset=utf-8" />
  <meta name='ocr-system' content='tesseract 3.04.00' />
  <meta name='ocr-capabilities' content='ocr_page ocr_carea ocr_par ocr_line ocrx_word'/>
</head>
<body>
  <div class='ocr_page' id='page_1' title='image "./indexlibrorumab01lairgoog_0281.png"; bbox 0 0 2925 6525; ppageno 0'>
   <div class='ocr_carea' id='block_1_1' title="bbox 344 1452 1060 1555">
    <p class='ocr_par' dir='ltr' id='par_1_1' title="bbox 344 1452 1060 1555">
     <span class='ocr_line' id='line_1_1' title="bbox 344 1452 1060 1555; baseline 0.001 -29"><span class='ocrx_word' id='word_1_1' title='bbox 344 1524 353 1547; x_wconf 65' lang='grc'><em>,</em></span> <span class='ocrx_word' id='word_1_2' title='bbox 412 1454 452 1525; x_wconf 79' lang='grc' dir='ltr'><strong>Α</strong></span> <span class='ocrx_word' id='word_1_3' title='bbox 477 1452 513 1527; x_wconf 91' lang='lat' dir='ltr'>N</span> <span class='ocrx_word' id='word_1_4' title='bbox 538 1453 631 1526; x_wconf 91' lang='grc' dir='ltr'>ΝΟ</span> <span class='ocrx_word' id='word_1_5' title='bbox 686 1462 791 1547; x_wconf 80' lang='lat'>1472.¹</span> <span class='ocrx_word' id='word_1_6' title='bbox 996 1458 1060 1555; x_wconf 84' lang='lat'>265</span> 
     </span>
    </p>
   </div>
   <div class='ocr_carea' id='block_1_2' title="bbox 149 1590 1167 4603">
    <p class='ocr_par' dir='ltr' id='par_1_2' title="bbox 149 1590 1110 2271">
     <span class='ocr_line' id='line_1_2' title="bbox 149 1590 1065 1687; baseline -0.002 -26"><span class='ocrx_word' id='word_1_7' title='bbox 149 1614 255 1663; x_wconf 69' lang='lat' dir='ltr'>irem</span> <span class='ocrx_word' id='word_1_8' title='bbox 275 1590 487 1687; x_wconf 73' lang='lat' dir='ltr'>scripsisse:</span> <span class='ocrx_word' id='word_1_9' title='bbox 505 1595 626 1683; x_wconf 79' lang='lat' dir='ltr'><em>explicit</em></span> <span class='ocrx_word' id='word_1_10' title='bbox 640 1595 713 1663; x_wconf 79' lang='lat' dir='ltr'>liber</span> <span class='ocrx_word' id='word_1_11' title='bbox 726 1595 844 1663; x_wconf 81' lang='lat' dir='ltr'>Esdrn.</span> <span class='ocrx_word' id='word_1_12' title='bbox 862 1593 973 1683; x_wconf 79' lang='lat' dir='ltr'><em>Incipit</em></span> <span class='ocrx_word' id='word_1_13' title='bbox 993 1618 1065 1661; x_wconf 85' lang='lat' dir='ltr'>con·</span> 
     </span>
     <span class='ocr_line' id='line_1_3' title="bbox 149 1708 1064 1803; baseline 0.001 -25"><span class='ocrx_word' id='word_1_14' title='bbox 149 1712 242 1779; x_wconf 70' lang='lat' dir='ltr'>‘essia</span> <span class='ocrx_word' id='word_1_15' title='bbox 265 1710 433 1796; x_wconf 78' lang='lat' dir='ltr'><em>Esdroe‚</em></span> <span class='ocrx_word' id='word_1_16' title='bbox 460 1708 519 1778; x_wconf 85' lang='lat' dir='ltr'>sed</span> <span class='ocrx_word' id='word_1_17' title='bbox 541 1710 614 1780; x_wconf 87' lang='lat' dir='ltr'>ciun</span> <span class='ocrx_word' id='word_1_18' title='bbox 636 1708 814 1779; x_wconf 67' lang='lat' dir='ltr'>immediate</span> <span class='ocrx_word' id='word_1_19' title='bbox 838 1709 962 1803; x_wconf 80' lang='lat' dir='ltr'>incipiat</span> <span class='ocrx_word' id='word_1_20' title='bbox 985 1710 1064 1779; x_wconf 84' lang='lat' dir='ltr'>iiber</span> 
     </span>
     <span class='ocr_line' id='line_1_4' title="bbox 149 1824 1110 1913; baseline 0.003 -18"><span class='ocrx_word' id='word_1_21' title='bbox 149 1826 258 1897; x_wconf 75' lang='lat' dir='ltr'>:rrius</span> <span class='ocrx_word' id='word_1_22' title='bbox 296 1826 463 1913; x_wconf 83' lang='lat' dir='ltr'>Esdrae,</span> <span class='ocrx_word' id='word_1_23' title='bbox 490 1824 648 1895; x_wconf 76' lang='lat' dir='ltr'>consessio</span> <span class='ocrx_word' id='word_1_24' title='bbox 679 1826 746 1896; x_wconf 83' lang='lat' dir='ltr'>haec</span> <span class='ocrx_word' id='word_1_25' title='bbox 778 1826 908 1897; x_wconf 83' lang='lat' dir='ltr'>habetur</span> <span class='ocrx_word' id='word_1_26' title='bbox 933 1851 1062 1897; x_wconf 85' lang='lat' dir='ltr'>manus-</span> <span class='ocrx_word' id='word_1_27' title='bbox 1107 1866 1110 1871; x_wconf 95' lang='lat'>·</span> 
     </span>
     <span class='ocr_line' id='line_1_5' title="bbox 149 1941 1061 2037; baseline -0.001 -26"><span class='ocrx_word' id='word_1_28' title='bbox 149 1942 245 2037; x_wconf 77' lang='lat' dir='ltr'>ripra</span> <span class='ocrx_word' id='word_1_29' title='bbox 278 1943 321 2011; x_wconf 88' lang='lat' dir='ltr'>in</span> <span class='ocrx_word' id='word_1_30' title='bbox 352 1941 509 2013; x_wconf 87' lang='lat' dir='ltr'>inferiori</span> <span class='ocrx_word' id='word_1_31' title='bbox 531 1942 691 2036; x_wconf 80' lang='lat' dir='ltr'>margine,</span> <span class='ocrx_word' id='word_1_32' title='bbox 714 1960 745 2012; x_wconf 90' lang='lat' dir='ltr'>er</span> <span class='ocrx_word' id='word_1_33' title='bbox 770 1942 875 2036; x_wconf 79' lang='lat' dir='ltr'>incipit</span> <span class='ocrx_word' id='word_1_34' title='bbox 899 1943 972 2012; x_wconf 87' lang='lat' dir='ltr'>sic:</span> <span class='ocrx_word' id='word_1_35' title='bbox 1002 1947 1061 2011; x_wconf 86' lang='lat' dir='ltr'>do-</span> 
     </span>
     <span class='ocr_line' id='line_1_6' title="bbox 149 2057 1060 2151; baseline 0.004 -28"><span class='ocrx_word' id='word_1_36' title='bbox 149 2062 220 2129; x_wconf 69' lang='lat' dir='ltr'>rim</span> <span class='ocrx_word' id='word_1_37' title='bbox 246 2062 320 2151; x_wconf 84' lang='lat' dir='ltr'>qui</span> <span class='ocrx_word' id='word_1_38' title='bbox 347 2060 485 2130; x_wconf 80' lang='lat' dir='ltr'>habitas</span> <span class='ocrx_word' id='word_1_39' title='bbox 503 2061 536 2127; x_wconf 91' lang='lat' dir='ltr'>in</span> <span class='ocrx_word' id='word_1_40' title='bbox 559 2080 708 2137; x_wconf 79' lang='lat' dir='ltr'>aternum.</span> <span class='ocrx_word' id='word_1_41' title='bbox 736 2057 792 2129; x_wconf 87' lang='lat' dir='ltr'>De</span> <span class='ocrx_word' id='word_1_42' title='bbox 815 2059 877 2132; x_wconf 88' lang='lat' dir='ltr'>hoc</span> <span class='ocrx_word' id='word_1_43' title='bbox 903 2057 975 2131; x_wconf 86' lang='lat' dir='ltr'>vide</span> <span class='ocrx_word' id='word_1_44' title='bbox 992 2062 1060 2132; x_wconf 78' lang='lat' dir='ltr'>Fu-</span> 
     </span>
     <span class='ocr_line' id='line_1_7' title="bbox 149 2177 844 2271; baseline 0.003 -26"><span class='ocrx_word' id='word_1_45' title='bbox 149 2179 222 2245; x_wconf 74' lang='lat' dir='ltr'>-icii</span> <span class='ocrx_word' id='word_1_46' title='bbox 250 2178 415 2245; x_wconf 73' lang='lat' dir='ltr'>codicem</span> <span class='ocrx_word' id='word_1_47' title='bbox 432 2177 621 2271; x_wconf 74' lang='lat' dir='ltr'>psatdepigr.</span> <span class='ocrx_word' id='word_1_48' title='bbox 645 2198 700 2250; x_wconf 85' lang='lat' dir='ltr'>vet,</span> <span class='ocrx_word' id='word_1_49' title='bbox 726 2197 844 2247; x_wconf 82' lang='lat' dir='ltr'>testam.</span> 
     </span>
    </p>

    <p class='ocr_par' dir='ltr' id='par_1_3' title="bbox 149 2290 1167 2852">
     <span class='ocr_line' id='line_1_8' title="bbox 175 2290 1061 2386; baseline 0 -23"><span class='ocrx_word' id='word_1_50' title='bbox 175 2290 348 2363; x_wconf 85' lang='lat' dir='ltr'>Tomus</span> <span class='ocrx_word' id='word_1_51' title='bbox 376 2290 537 2362; x_wconf 82' lang='lat' dir='ltr'>secundus</span> <span class='ocrx_word' id='word_1_52' title='bbox 559 2292 665 2386; x_wconf 87' lang='lat' dir='ltr'>incipit</span> <span class='ocrx_word' id='word_1_53' title='bbox 687 2317 704 2361; x_wconf 85' lang='lat' dir='ltr'>a</span> <span class='ocrx_word' id='word_1_54' title='bbox 733 2291 929 2385; x_wconf 86' lang='lat' dir='ltr'>proverbiis;</span> <span class='ocrx_word' id='word_1_55' title='bbox 951 2310 984 2360; x_wconf 85' lang='lat' dir='ltr'>et</span> <span class='ocrx_word' id='word_1_56' title='bbox 1003 2317 1061 2363; x_wconf 90' lang='lat' dir='ltr'>co·</span> 
     </span>
     <span class='ocr_line' id='line_1_9' title="bbox 149 2406 1167 2503; baseline 0 -26"><span class='ocrx_word' id='word_1_57' title='bbox 149 2434 263 2479; x_wconf 81' lang='lat' dir='ltr'>rmna</span> <span class='ocrx_word' id='word_1_58' title='bbox 284 2409 436 2503; x_wconf 83' lang='lat' dir='ltr'>prima,</span> <span class='ocrx_word' id='word_1_59' title='bbox 458 2406 536 2477; x_wconf 87' lang='lat' dir='ltr'>sicut</span> <span class='ocrx_word' id='word_1_60' title='bbox 557 2427 701 2495; x_wconf 82' lang='lat' dir='ltr'>caeterae,</span> <span class='ocrx_word' id='word_1_61' title='bbox 724 2427 871 2478; x_wconf 77' lang='lat' dir='ltr'>coustant</span> <span class='ocrx_word' id='word_1_62' title='bbox 894 2428 1060 2477; x_wconf 85' lang='lat' dir='ltr'>numerato</span> <span class='ocrx_word' id='word_1_63' title='bbox 1163 2437 1167 2443; x_wconf 93' lang='lat'>·</span> 
     </span>
     <span class='ocr_line' id='line_1_10' title="bbox 149 2522 1059 2619; baseline -0.003 -22"><span class='ocrx_word' id='word_1_64' title='bbox 149 2528 242 2601; x_wconf 78' lang='lat' dir='ltr'>tulo</span> <span class='ocrx_word' id='word_1_65' title='bbox 274 2522 333 2615; x_wconf 89' lang='lat'>48</span> <span class='ocrx_word' id='word_1_66' title='bbox 360 2524 480 2612; x_wconf 87' lang='lat' dir='ltr'>lineis,</span> <span class='ocrx_word' id='word_1_67' title='bbox 503 2542 535 2594; x_wconf 86' lang='lat' dir='ltr'>et</span> <span class='ocrx_word' id='word_1_68' title='bbox 556 2525 736 2595; x_wconf 85' lang='lat' dir='ltr'>terminatur</span> <span class='ocrx_word' id='word_1_69' title='bbox 759 2550 833 2595; x_wconf 89' lang='lat' dir='ltr'>cum</span> <span class='ocrx_word' id='word_1_70' title='bbox 850 2525 1059 2619; x_wconf 79' lang='lat' dir='ltr'>Apocalypsis</span> 
     </span>
     <span class='ocr_line' id='line_1_11' title="bbox 153 2637 1058 2735; baseline -0.004 -20"><span class='ocrx_word' id='word_1_71' title='bbox 153 2641 325 2715; x_wconf 57' lang='lat' dir='ltr'>oiumnss</span> <span class='ocrx_word' id='word_1_72' title='bbox 361 2637 502 2712; x_wconf 70' lang='lat' dir='ltr'>secundi</span> <span class='ocrx_word' id='word_1_73' title='bbox 525 2658 557 2710; x_wconf 87' lang='lat' dir='ltr'>et</span> <span class='ocrx_word' id='word_1_74' title='bbox 580 2641 834 2735; x_wconf 81' lang='lat' dir='ltr'>subscriptione,</span> <span class='ocrx_word' id='word_1_75' title='bbox 856 2639 888 2708; x_wconf 90' lang='lat' dir='ltr'>id</span> <span class='ocrx_word' id='word_1_76' title='bbox 913 2660 960 2712; x_wconf 78' lang='lat' dir='ltr'>est</span> <span class='ocrx_word' id='word_1_77' title='bbox 984 2665 1058 2711; x_wconf 85' lang='lat' dir='ltr'>cunr</span> 
     </span>
     <span class='ocr_line' id='line_1_12' title="bbox 149 2746 462 2852; baseline -0.006 -23"><span class='ocrx_word' id='word_1_78' title='bbox 149 2784 193 2852; x_wconf 67' lang='grc' dir='ltr'>μ</span> <span class='ocrx_word' id='word_1_79' title='bbox 223 2758 353 2829; x_wconf 77' lang='lat' dir='ltr'>lineis.</span> <span class='ocrx_word' id='word_1_80' title='bbox 458 2746 462 2757; x_wconf 68' lang='grc'><strong><em>’</em></strong></span> 
     </span>
    </p>

    <p class='ocr_par' dir='ltr' id='par_1_4' title="bbox 149 2862 1059 3784">
     <span class='ocr_line' id='line_1_13' title="bbox 195 2862 1059 2965; baseline -0.006 -19"><span class='ocrx_word' id='word_1_81' title='bbox 195 2862 407 2946; x_wconf 71' lang='lat' dir='ltr'>Charicoer</span> <span class='ocrx_word' id='word_1_82' title='bbox 428 2871 511 2944; x_wconf 86' lang='lat' dir='ltr'>idem</span> <span class='ocrx_word' id='word_1_83' title='bbox 533 2892 580 2944; x_wconf 83' lang='lat' dir='ltr'>est</span> <span class='ocrx_word' id='word_1_84' title='bbox 601 2898 637 2943; x_wconf 85' lang='lat' dir='ltr'>ac</span> <span class='ocrx_word' id='word_1_85' title='bbox 660 2876 799 2942; x_wconf 79' lang='lat' dir='ltr'><em>editionis</em></span> <span class='ocrx_word' id='word_1_86' title='bbox 826 2877 906 2941; x_wconf 81' lang='lat' dir='ltr'>unni</span> <span class='ocrx_word' id='word_1_87' title='bbox 938 2876 1059 2965; x_wconf 74' lang='lat'>14623</span> 
     </span>
     <span class='ocr_line' id='line_1_14' title="bbox 149 2990 1056 3084; baseline -0.002 -19"><span class='ocrx_word' id='word_1_88' title='bbox 149 3018 215 3064; x_wconf 88' lang='lat' dir='ltr'>nec</span> <span class='ocrx_word' id='word_1_89' title='bbox 238 2993 384 3062; x_wconf 80' lang='lat' dir='ltr'>raritate</span> <span class='ocrx_word' id='word_1_90' title='bbox 401 2990 456 3084; x_wconf 86' lang='lat' dir='ltr'>ipsi</span> <span class='ocrx_word' id='word_1_91' title='bbox 477 2991 604 3061; x_wconf 84' lang='lat' dir='ltr'>inferior</span> <span class='ocrx_word' id='word_1_92' title='bbox 625 3013 680 3061; x_wconf 78' lang='lat' dir='ltr'>est.</span> <span class='ocrx_word' id='word_1_93' title='bbox 704 2990 799 3060; x_wconf 81' lang='lat' dir='ltr'>Caret</span> <span class='ocrx_word' id='word_1_94' title='bbox 820 2992 952 3084; x_wconf 75' lang='lat' dir='ltr'>signat,</span> <span class='ocrx_word' id='word_1_95' title='bbox 970 3014 1056 3064; x_wconf 87' lang='lat' dir='ltr'>num.</span> 
     </span>
     <span class='ocr_line' id='line_1_15' title="bbox 149 3104 1056 3202; baseline -0.002 -21"><span class='ocrx_word' id='word_1_96' title='bbox 149 3130 188 3181; x_wconf 84' lang='lat' dir='ltr'>et</span> <span class='ocrx_word' id='word_1_97' title='bbox 231 3105 376 3178; x_wconf 82' lang='lat' dir='ltr'>custod.</span> <span class='ocrx_word' id='word_1_98' title='bbox 421 3104 517 3176; x_wconf 69' lang='lat' dir='ltr'>Titui</span> <span class='ocrx_word' id='word_1_99' title='bbox 552 3107 767 3202; x_wconf 85' lang='lat' dir='ltr'>imprimuntur</span> <span class='ocrx_word' id='word_1_100' title='bbox 804 3111 899 3177; x_wconf 85' lang='lat' dir='ltr'>rubro</span> <span class='ocrx_word' id='word_1_101' title='bbox 936 3108 1056 3179; x_wconf 81' lang='lat' dir='ltr'>colore.</span> 
     </span>
     <span class='ocr_line' id='line_1_16' title="bbox 154 3222 1058 3319; baseline 0.001 -23"><span class='ocrx_word' id='word_1_102' title='bbox 154 3226 355 3319; x_wconf 75' lang='lat' dir='ltr'>Exemplar</span> <span class='ocrx_word' id='word_1_103' title='bbox 371 3222 457 3294; x_wconf 85' lang='lat' dir='ltr'>mirae</span> <span class='ocrx_word' id='word_1_104' title='bbox 473 3225 722 3295; x_wconf 77' lang='lat' dir='ltr'>conservationis</span> <span class='ocrx_word' id='word_1_105' title='bbox 741 3246 771 3294; x_wconf 90' lang='lat' dir='ltr'>et</span> <span class='ocrx_word' id='word_1_106' title='bbox 792 3225 961 3319; x_wconf 77' lang='lat' dir='ltr'>elegurtiae.</span> <span class='ocrx_word' id='word_1_107' title='bbox 985 3224 1058 3298; x_wconf 83' lang='lat' dir='ltr'>Edi·</span> 
     </span>
     <span class='ocr_line' id='line_1_17' title="bbox 161 3340 1056 3436; baseline -0.003 -22"><span class='ocrx_word' id='word_1_108' title='bbox 161 3345 213 3414; x_wconf 86' lang='lat' dir='ltr'>tio</span> <span class='ocrx_word' id='word_1_109' title='bbox 233 3343 316 3412; x_wconf 83' lang='lat' dir='ltr'>haec</span> <span class='ocrx_word' id='word_1_110' title='bbox 345 3340 507 3436; x_wconf 68' lang='lat' dir='ltr'>adequati</span> <span class='ocrx_word' id='word_1_111' title='bbox 533 3341 625 3415; x_wconf 78' lang='lat' dir='ltr'>refert</span> <span class='ocrx_word' id='word_1_112' title='bbox 649 3344 806 3414; x_wconf 76' lang='lat' dir='ltr'>editionem</span> <span class='ocrx_word' id='word_1_113' title='bbox 830 3345 908 3409; x_wconf 87' lang='lat' dir='ltr'><em>anni</em></span> <span class='ocrx_word' id='word_1_114' title='bbox 937 3345 1056 3430; x_wconf 78' lang='lat'>1462,</span> 
     </span>
     <span class='ocr_line' id='line_1_18' title="bbox 167 3457 1058 3552; baseline -0.006 -20"><span class='ocrx_word' id='word_1_115' title='bbox 167 3459 274 3532; x_wconf 83' lang='lat' dir='ltr'>itaut</span> <span class='ocrx_word' id='word_1_116' title='bbox 299 3458 370 3552; x_wconf 74' lang='lat' dir='ltr'>typi</span> <span class='ocrx_word' id='word_1_117' title='bbox 393 3457 485 3526; x_wconf 88' lang='lat' dir='ltr'>iidem</span> <span class='ocrx_word' id='word_1_118' title='bbox 509 3459 598 3545; x_wconf 83' lang='lat' dir='ltr'>sint,</span> <span class='ocrx_word' id='word_1_119' title='bbox 625 3478 656 3527; x_wconf 88' lang='lat' dir='ltr'>et</span> <span class='ocrx_word' id='word_1_120' title='bbox 679 3457 789 3526; x_wconf 82' lang='lat' dir='ltr'>folium</span> <span class='ocrx_word' id='word_1_121' title='bbox 812 3457 918 3546; x_wconf 85' lang='lat' dir='ltr'>folio,</span> <span class='ocrx_word' id='word_1_122' title='bbox 944 3460 1058 3552; x_wconf 75' lang='lat' dir='ltr'><em>pagina</em></span> 
     </span>
     <span class='ocr_line' id='line_1_19' title="bbox 173 3575 1057 3670; baseline -0.002 -26"><span class='ocrx_word' id='word_1_123' title='bbox 173 3577 329 3670; x_wconf 69' lang='lat' dir='ltr'>pagine,</span> <span class='ocrx_word' id='word_1_124' title='bbox 356 3599 460 3643; x_wconf 83' lang='lat' dir='ltr'>uersus</span> <span class='ocrx_word' id='word_1_125' title='bbox 482 3575 585 3644; x_wconf 86' lang='lat' dir='ltr'>versui</span> <span class='ocrx_word' id='word_1_126' title='bbox 609 3593 641 3645; x_wconf 86' lang='lat' dir='ltr'>et</span> <span class='ocrx_word' id='word_1_127' title='bbox 665 3575 763 3643; x_wconf 83' lang='lat' dir='ltr'>littera</span> <span class='ocrx_word' id='word_1_128' title='bbox 791 3575 898 3644; x_wconf 83' lang='lat' dir='ltr'>iittcrae</span> <span class='ocrx_word' id='word_1_129' title='bbox 922 3600 1057 3667; x_wconf 77' lang='lat' dir='ltr'>respon-</span> 
     </span>
     <span class='ocr_line' id='line_1_20' title="bbox 177 3688 1055 3784; baseline 0 -24"><span class='ocrx_word' id='word_1_130' title='bbox 177 3691 286 3762; x_wconf 79' lang='lat' dir='ltr'>deant.</span> <span class='ocrx_word' id='word_1_131' title='bbox 301 3688 384 3760; x_wconf 86' lang='lat' dir='ltr'>Vide</span> <span class='ocrx_word' id='word_1_132' title='bbox 396 3689 555 3761; x_wconf 76' lang='lat' dir='ltr'>Schwartz</span> <span class='ocrx_word' id='word_1_133' title='bbox 561 3692 713 3782; x_wconf 71' lang='lat' dir='ltr'>primaria</span> <span class='ocrx_word' id='word_1_134' title='bbox 721 3695 897 3760; x_wconf 80' lang='lat' dir='ltr'>documenta</span> <span class='ocrx_word' id='word_1_135' title='bbox 907 3717 982 3784; x_wconf 71' lang='lat' dir='ltr'><em>pag.</em></span> <span class='ocrx_word' id='word_1_136' title='bbox 999 3714 1055 3782; x_wconf 82' lang='lat'>31.</span> 
     </span>
    </p>

    <p class='ocr_par' dir='ltr' id='par_1_5' title="bbox 181 3805 1068 4603">
     <span class='ocr_line' id='line_1_21' title="bbox 181 3805 1055 3901; baseline -0.005 -23"><span class='ocrx_word' id='word_1_137' title='bbox 181 3805 214 3878; x_wconf 87' lang='lat' dir='ltr'>Si</span> <span class='ocrx_word' id='word_1_138' title='bbox 253 3807 461 3877; x_wconf 78' lang='lat' dir='ltr'>institueretur</span> <span class='ocrx_word' id='word_1_139' title='bbox 497 3807 692 3901; x_wconf 77' lang='lat' dir='ltr'>comparatio</span> <span class='ocrx_word' id='word_1_140' title='bbox 731 3808 846 3877; x_wconf 85' lang='lat' dir='ltr'>horum</span> <span class='ocrx_word' id='word_1_141' title='bbox 888 3806 1055 3874; x_wconf 84' lang='lat' dir='ltr'>bibliorum</span> 
     </span>
     <span class='ocr_line' id='line_1_22' title="bbox 182 3919 1068 4014; baseline -0.006 -20"><span class='ocrx_word' id='word_1_142' title='bbox 182 3925 258 3994; x_wconf 80' lang='lat' dir='ltr'><em>anni</em></span> <span class='ocrx_word' id='word_1_143' title='bbox 281 3947 370 4014; x_wconf 89' lang='lat'>1472</span> <span class='ocrx_word' id='word_1_144' title='bbox 394 3924 541 3993; x_wconf 82' lang='lat' dir='ltr'>cumillis</span> <span class='ocrx_word' id='word_1_145' title='bbox 569 3929 685 4012; x_wconf 79' lang='lat'>1462,</span> <span class='ocrx_word' id='word_1_146' title='bbox 707 3923 813 3993; x_wconf 75' lang='lat' dir='ltr'>sorsin</span> <span class='ocrx_word' id='word_1_147' title='bbox 838 3919 1068 4014; x_wconf 82' lang='lat' dir='ltr'>deprehende-&#39;</span> 
     </span>
     <span class='ocr_line' id='line_1_23' title="bbox 183 4037 1056 4136; baseline -0.003 -27"><span class='ocrx_word' id='word_1_148' title='bbox 183 4061 267 4110; x_wconf 90' lang='lat' dir='ltr'>retur</span> <span class='ocrx_word' id='word_1_149' title='bbox 284 4065 375 4110; x_wconf 81' lang='lat' dir='ltr'>causa</span> <span class='ocrx_word' id='word_1_150' title='bbox 392 4039 599 4109; x_wconf 83' lang='lat' dir='ltr'>variationum</span> <span class='ocrx_word' id='word_1_151' title='bbox 616 4066 686 4136; x_wconf 78' lang='lat' dir='ltr'>qure</span> <span class='ocrx_word' id='word_1_152' title='bbox 709 4057 878 4109; x_wconf 86' lang='lat' dir='ltr'>occurrunt</span> <span class='ocrx_word' id='word_1_153' title='bbox 901 4037 932 4105; x_wconf 87' lang='lat' dir='ltr'>in</span> <span class='ocrx_word' id='word_1_154' title='bbox 949 4063 1056 4107; x_wconf 84' lang='lat' dir='ltr'>exem·</span> 
     </span>
     <span class='ocr_line' id='line_1_24' title="bbox 181 4152 1055 4250; baseline 0 -26"><span class='ocrx_word' id='word_1_155' title='bbox 181 4155 316 4250; x_wconf 66' lang='lat' dir='ltr'>pluribus</span> <span class='ocrx_word' id='word_1_156' title='bbox 339 4156 412 4226; x_wconf 84' lang='lat' dir='ltr'><em>anni</em></span> <span class='ocrx_word' id='word_1_157' title='bbox 440 4159 541 4244; x_wconf 80' lang='lat'>1462.</span> <span class='ocrx_word' id='word_1_158' title='bbox 569 4156 632 4231; x_wconf 82' lang='lat' dir='ltr'>Sed</span> <span class='ocrx_word' id='word_1_159' title='bbox 655 4155 726 4225; x_wconf 81' lang='lat' dir='ltr'>vide</span> <span class='ocrx_word' id='word_1_160' title='bbox 753 4154 913 4223; x_wconf 84' lang='lat' dir='ltr'>Seemiller</span> <span class='ocrx_word' id='word_1_161' title='bbox 938 4154 971 4222; x_wconf 90' lang='lat' dir='ltr'>in</span> <span class='ocrx_word' id='word_1_162' title='bbox 999 4152 1055 4224; x_wconf 67' lang='lat' dir='ltr'>sui</span> 
     </span>
     <span class='ocr_line' id='line_1_25' title="bbox 181 4272 1054 4365; baseline -0.007 -23"><span class='ocrx_word' id='word_1_163' title='bbox 181 4275 386 4342; x_wconf 70' lang='lat' dir='ltr'>exercitatione</span> <span class='ocrx_word' id='word_1_164' title='bbox 407 4275 442 4341; x_wconf 76' lang='lat' dir='ltr'>de</span> <span class='ocrx_word' id='word_1_165' title='bbox 463 4275 575 4362; x_wconf 84' lang='lat' dir='ltr'><em>duplici</em></span> <span class='ocrx_word' id='word_1_166' title='bbox 595 4275 721 4342; x_wconf 75' lang='lat' dir='ltr'>editione</span> <span class='ocrx_word' id='word_1_167' title='bbox 742 4272 931 4365; x_wconf 60' lang='lat' dir='ltr'>Mogontiaci</span> <span class='ocrx_word' id='word_1_168' title='bbox 951 4273 1054 4339; x_wconf 84' lang='lat' dir='ltr'>biblio-</span> 
     </span>
     <span class='ocr_line' id='line_1_26' title="bbox 183 4389 1054 4482; baseline -0.006 -22"><span class='ocrx_word' id='word_1_169' title='bbox 183 4414 259 4461; x_wconf 67' lang='grc' dir='ltr'><em>ηυντ·</em></span> <span class='ocrx_word' id='word_1_170' title='bbox 280 4389 459 4462; x_wconf 69' lang='lat' dir='ltr'>Latinorum</span> <span class='ocrx_word' id='word_1_171' title='bbox 481 4391 561 4456; x_wconf 81' lang='lat' dir='ltr'><em>anni</em></span> <span class='ocrx_word' id='word_1_172' title='bbox 588 4392 707 4477; x_wconf 86' lang='lat'>1462,</span> <span class='ocrx_word' id='word_1_173' title='bbox 734 4390 880 4478; x_wconf 64' lang='lat' dir='ltr'>inpressa*</span> <span class='ocrx_word' id='word_1_174' title='bbox 901 4389 1054 4482; x_wconf 73' lang='lat' dir='ltr'>Ingolsta-</span> 
     </span>
     <span class='ocr_line' id='line_1_27' title="bbox 181 4503 488 4603; baseline 0.013 -31"><span class='ocrx_word' id='word_1_175' title='bbox 181 4506 228 4572; x_wconf 68' lang='lat' dir='ltr'>du&#39;</span> <span class='ocrx_word' id='word_1_176' title='bbox 253 4503 336 4603; x_wconf 80' lang='lat'>1735</span> <span class='ocrx_word' id='word_1_177' title='bbox 357 4557 368 4592; x_wconf 94' lang='lat'>,</span> <span class='ocrx_word' id='word_1_178' title='bbox 391 4507 488 4593; x_wconf 76' lang='lat' dir='ltr'>iri-4⁰.</span> 
     </span>
    </p>
   </div>
   <div class='ocr_carea' id='block_1_3' title="bbox 149 4671 1301 4794">
    <p class='ocr_par' dir='ltr' id='par_1_6' title="bbox 149 4671 1301 4794">
     <span class='ocr_line' id='line_1_28' title="bbox 149 4671 1301 4794; baseline 0.003 -38"><span class='ocrx_word' id='word_1_179' title='bbox 149 4705 187 4772; x_wconf 80' lang='grc' dir='ltr'>ιο</span> <span class='ocrx_word' id='word_1_180' title='bbox 216 4678 408 4770; x_wconf 79' lang='lat' dir='ltr'>iohannis</span> <span class='ocrx_word' id='word_1_181' title='bbox 432 4679 618 4766; x_wconf 82' lang='lat' dir='ltr'>Bochacii</span> <span class='ocrx_word' id='word_1_182' title='bbox 643 4684 716 4770; x_wconf 77' lang='lat' dir='ltr'>viri</span> <span class='ocrx_word' id='word_1_183' title='bbox 742 4677 1050 4794; x_wconf 77' lang='lat' dir='ltr'>eloquentissimi</span> <span class='ocrx_word' id='word_1_184' title='bbox 1120 4695 1223 4780; x_wconf 65' lang='lat' dir='ltr'>Mo</span> <span class='ocrx_word' id='word_1_185' title='bbox 1257 4671 1301 4758; x_wconf 74' lang='grc'>.“</span> 
     </span>
    </p>
   </div>
   <div class='ocr_carea' id='block_1_4' title="bbox 1084 4801 1257 4952">
    <p class='ocr_par' dir='ltr' id='par_1_7' title="bbox 1084 4801 1257 4952">
     <span class='ocr_line' id='line_1_29' title="bbox 1084 4801 1257 4952; baseline -0.064 0"><span class='ocrx_word' id='word_1_186' title='bbox 1084 4826 1161 4950; x_wconf 73' lang='lat' dir='ltr'>oi·</span> <span class='ocrx_word' id='word_1_187' title='bbox 1197 4801 1257 4952; x_wconf 59' lang='lat' dir='ltr'>d,</span> 
     </span>
    </p>
   </div>
   <div class='ocr_carea' id='block_1_5' title="bbox 0 0 1525 6525">
    <p class='ocr_par' dir='ltr' id='par_1_8' title="bbox 0 0 1525 6525">
     <span class='ocr_line' id='line_1_30' title="bbox 0 0 1525 6525; baseline 0 0"><span class='ocrx_word' id='word_1_188' title='bbox 0 0 1525 6525; x_wconf 95' lang='lat' dir='ltr'> </span> 
     </span>
    </p>
   </div>
  </div>
 </body>
</html>
