2925 6525
335 1460 904 1560 ADANNUM1460:
1053 1486 1080 1561 7

261 1612 301 1678 In
316 1632 398 1679 tomo
417 1622 464 1682 2⁰.

752 1606 793 1674 In
812 1628 894 1676 tomo
916 1625 968 1679 2⁰.

149 1768 216 1846 fflc
232 1771 341 1868 incipit
356 1797 428 1845 cum
445 1793 579 1867 prover·
650 1763 712 1836 Hic
726 1764 832 1863 incipit
850 1794 923 1842 cum
943 1784 1077 1865 prover·

201 1887 578 1981 biis,titulusmanuscri1›

202 2028 249 2080 ms
271 2027 339 2099 est,
358 1992 390 2080 et
406 2008 506 2104 prima
521 2029 577 2076 co·

200 2129 309 2200 lumna
333 2152 374 2199 ex
395 2152 444 2219 40
465 2127 576 2214 lineis,

200 2246 336 2320 secunda
358 2246 439 2319 verd
460 2272 501 2318 ex
517 2270 577 2338 42.

148 2387 229 2461 Folii
247 2386 338 2483 primi
354 2386 489 2458 verbum
508 2383 579 2456 ulti·

146 2552 151 2559 ·
200 2496 578 2600 muincolumnaeprimae

149 2652 154 2661 ·
202 2625 247 2695 sic
276 2624 521 2713 cc'ifirmandam,
549 2641 581 2692 et

205 2738 349 2811 ultimum
361 2738 428 2809 folii
437 2739 520 2810 versi
530 2764 583 2810 cu

145 2906 149 2915 ·
202 2855 579 2949 lumnaeprimaeorcejus.

149 2996 231 3068 Folii
265 2993 366 3092 quarti
404 2990 486 3097 versi
518 3014 579 3063 co·

201 3117 316 3188 lumnae
354 3108 499 3183 secundae
531 3107 579 3179 ul·

202 3234 311 3306 timum
329 3230 372 3301 sic
388 3231 421 3300 in
437 3230 522 3323 uilis,

147 3375 231 3449 Folii
247 3374 403 3447 undecimi
425 3374 500 3447 recti
520 3397 578 3444 co·

200 3495 317 3564 lumnae
344 3491 488 3563 secundae
515 3489 578 3584 pri-

200 3637 254 3685 ma
276 3615 358 3683 linea
378 3612 421 3683 sic
444 3614 534 3708 ignis.

151 3851 232 3922 folii
253 3848 434 3921 duodecimi
454 3850 577 3920 coium·

111 4059 116 4064 Ι
202 3993 255 4037 nae
290 3969 398 4061 primae
435 3967 576 4039 ultimum

202 4087 245 4156 sic
266 4087 363 4157 bonis.

150 4209 231 4280 Folii
251 4206 498 4305 quatuordecimi
518 4206 580 4300 pri·

201 4355 262 4399 mae
272 4330 428 4401 columnae
436 4330 578 4402 ultimum

144 4447 149 4455 ’
203 4475 297 4541 opere.

151 4567 253 4640 Libris
279 4566 359 4637 verd
384 4568 579 4639 Machabeo·

201 4710 273 4757 rum
321 4684 487 4757 terminatis
532 4711 580 4757 sc·

697 1884 884 1971 biis‚titulus
894 1909 940 1961 est
951 1915 1077 1963 manus·

699 2005 837 2101 criptus,
854 2011 1002 2085 columna
1013 2015 1077 2109 pri·
1144 2016 1148 2027 '

699 2147 753 2192 ma
777 2150 817 2195 ex
838 2151 886 2216 40
909 2129 1021 2220 lineis,
1045 2151 1077 2203 et

698 2242 838 2314 secunda
857 2270 897 2317 ex
917 2271 976 2336 42.

650 2379 746 2450 Primi
768 2380 834 2452 folii
851 2383 998 2455 ultimum
1014 2386 1078 2481 pri·
1147 2442 1152 2451 .

681 2521 761 2579 ,mae
814 2501 971 2573 columnae
1030 2502 1077 2575 sic

702 2619 901 2708 nfirmandam
918 2676 931 2711 ‚
951 2643 983 2695 et
1006 2626 1079 2696 ulti-

703 2760 792 2806 mum
836 2742 992 2827 columnae
1031 2743 1077 2816 1².

703 2855 1079 2934 vmfflmmffl

652 2995 730 3065 Folii
762 2997 863 3093 quarti
900 3001 982 3072 uersi
1020 3026 1077 3073 co-

699 3113 815 3193 lumnae
842 3118 986 3189 secundae
1005 3119 1076 3191 ulti·

699 3257 789 3305 mum
806 3236 850 3309 sic
871 3239 905 3308 in
925 3241 1026 3311 oculi'.

650 3371 730 3441 Folii
749 3372 904 3444 undecimi
924 3377 999 3448 recti
1021 3403 1075 3448 se-

699 3490 810 3563 cundae
826 3494 983 3564 columnae
994 3495 1076 3569 linea

699 3610 800 3704 prima
826 3609 1006 3682 terminatur
1031 3611 1076 3682 sic

698 3732 785 3826 igni&

650 3852 730 3923 Folii
751 3849 932 3923 duodecimi
954 3851 1078 3919 colum·

699 3994 750 4039 nae
788 3967 896 4061 primae
933 3964 1077 4036 ultimum

700 4086 795 4154 boni‘.

652 4202 731 4273 Folii
751 4197 999 4296 quatuordecimi
1021 4223 1077 4269 co·

701 4322 817 4391 lumnae
848 4312 963 4414 'primae
1002 4317 1077 4389 ulti·

700 4465 789 4511 mum
807 4439 850 4509 sic
866 4441 901 4506 in
917 4461 981 4528 ope.

650 4558 843 4632 Terminatis
868 4554 946 4628 γετὸ
971 4552 1077 4639 libris,

702 4676 953 4752 Mnchabeorum
1024 4697 1078 4744 se·

807 4775 837 4845 A
854 4775 888 4845 iv
