2925 6525
374 1025 419 1130 58
637 1026 843 1100 LIBRI
890 1028 913 1099 S
937 1030 971 1102 U
995 1029 1022 1100 B

468 1184 520 1261 3⁸.
531 1162 692 1237 Schwartz
707 1166 739 1237 in
745 1169 905 1259 pn'rnariis
920 1171 1124 1259 dormias,
1134 1187 1224 1263 parre
1238 1191 1283 1247 2¹.

413 1311 489 1380 pag.
514 1308 584 1378 13,
610 1282 687 1354 duas
718 1283 878 1381 distinguit
910 1283 1052 1358 officinas
1080 1287 1287 1385 Mogontinas

420 1428 509 1474 anno
535 1404 651 1492 1460,
673 1428 769 1474 unam
788 1404 889 1475 Fausti
910 1428 950 1474 ex
971 1403 1034 1500 qud
1055 1403 1199 1498 prodiere
1217 1410 1284 1478 Cic·

420 1523 559 1590 martina
577 1524 824 1607 conflictationes,
840 1524 887 1590 dic
910 1545 951 1615 25
976 1523 1088 1609 Jrcrtii,
1105 1542 1137 1593 et
1156 1524 1284 1596 alteram

418 1638 647 1733 Gutternbetgii
665 1664 706 1708 ex
727 1638 790 1734 qud
807 1641 992 1711 catholicon.
1009 1640 1066 1710 Ait
1085 1640 1189 1711 enim:
1205 1645 1286 1715 intc-

419 1759 478 1827 rim
494 1759 583 1826 nodis
596 1783 778 1848 persuasam
795 1756 939 1827 hahemus
959 1759 1039 1826 hunc
1054 1760 1163 1826 librum
1183 1785 1223 1827 cx
1237 1758 1287 1848 os·

411 1874 514 1965 ficina
534 1876 608 1946 loti
633 1874 845 1970 Gitacmbcrgii
860 1878 1009 1965 prodiisse
1032 1900 1093 1946 etc.
1114 1860 1286 1970 Et'posted

420 1993 516 2062 solvit
539 1991 691 2087 quasdam
712 1987 907 2081 objectiones
931 1991 964 2060 in
987 1992 1188 2064 contrarium.

469 2127 519 2198 4⁰.
537 2109 586 2178 Ex
608 2110 816 2182 instrumento
831 2107 973 2179 Conradi
993 2107 1140 2204 Homery
1156 2108 1287 2205 Syndtci

420 2224 626 2322 Mogontini,
645 2225 735 2322 quod
756 2226 886 2297 refertur
918 2227 1014 2294 Tamo
1045 2243 1129 2314 ιιι,
1150 2230 1286 2318 scriptor.

419 2372 515 2414 rerum
531 2345 710 2441 Mogantr'rr.
731 2345 897 2415 Christiani
912 2344 1067 2429 Joanni53
1090 2341 1287 2438 quodetiam

420 2464 550 2534 refertur
580 2461 664 2558 apud
690 2465 885 2558 &barth
903 2466 1035 2552 primas.
1060 2463 1175 2530 dociam.
1202 2484 1288 2550 parte

412 2584 539 2673 pmii,
548 2607 626 2674 pag.
646 2582 712 2664 26,
729 2600 762 2648 et
777 2579 861 2673 apud
877 2578 1035 2648 Wolfium
1051 2577 1083 2646 in
1100 2601 1285 2650 monument.

422 2697 681 2792 Yppograplticis‚
701 2697 790 2764 Tom.
816 2715 845 2767 1.
858 2723 932 2791 pag.
966 2717 981 2794 5
1007 2718 1036 2763 ct
1057 2698 1102 2779 63
1126 2718 1165 2763 ex
1193 2694 1286 2784 hoc,

417 2813 576 2908 inquam,
601 2832 726 2883 constat
751 2812 907 2883 loannem
930 2809 1140 2905 Guttenrberg
1165 2835 1183 2881 e
1205 2811 1288 2882 vivis

389 2933 404 2959 ’·
416 2927 483 3020 jain
502 2929 692 3019 excessisse,
711 2928 762 3000 die
789 2952 830 3029 ²5
854 2929 1010 3000 Februarii
1030 2929 1103 2999 anni
1128 2926 1237 3018 1468,
1255 2947 1289 2999 et

417 3048 482 3118 hoc
497 3072 583 3118 anno
599 3047 754 3119 Conrado
771 3048 919 3144 Humery
933 3047 1027 3118 fuisse
1045 3043 1207 3116 venditum
1219 3042 1288 3133 ejus

417 3164 613 3259 Apparatum
634 3163 943 3261 Typographicurn‚
966 3182 998 3234 et
1017 3165 1118 3258 ipsum
1141 3187 1288 3257 spopon-

419 3282 500 3354 disse
533 3282 784 3378 Archiepiscopo
813 3283 1008 3377 Mogentino
1044 3307 1078 3351 se
1108 3280 1191 3351 hunc
1219 3305 1287 3350 non

417 3399 650 3473 drenditurom
680 3420 768 3471 extra
799 3400 1002 3495 Mogrmtiam
1034 3418 1087 3469 aut
1124 3394 1189 3485 ejus
1221 3396 1286 3467 dis·

416 3520 551 3614 tricturn.

469 3638 695 3732 5⁰.·Meernran
710 3639 818 3734 origin.
833 3636 964 3731 Typogr.
971 3658 1058 3725 parre
1073 3630 1116 3703 2³.
1127 3659 1204 3727 pag.
1217 3633 1287 3724 96,

416 3753 478 3823 uni
501 3779 575 3823 cunr
602 3755 788 3844 Schwartz,
810 3759 874 3823 loco
896 3758 1009 3840 citato,
1030 3748 1226 3821 contendunt
1246 3772 1288 3818 ex

416 3868 545 3937 officind
580 3869 790 3965 Guttemberg
821 3870 971 3965 prodiisse
1002 3868 1186 3935 canoncon.
1216 3863 1288 3933 Pri·

415 4010 485 4055 mus
507 4010 619 4055 eorum
641 3989 737 4057 solvit
757 3985 954 4070 objectiones
977 3983 1171 4069 contrarias,
1194 4002 1227 4052 et
1247 4006 1287 4052 ex

414 4101 554 4193 perfecti
575 4104 798 4174 conformitate
819 4105 1034 4174 characterum
1057 4098 1147 4189 hujus
1163 4102 1288 4188 Dictio-

415 4219 499 4287 narii
514 4219 611 4292 Joarr.
631 4221 725 4291 Balbi
743 4244 817 4290 curn
832 4223 1023 4292 vocabulario
1041 4246 1080 4290 cx
1096 4243 1179 4310 quo,
1196 4217 1287 4314 quod
