2925 6525
387 1506 421 1581 Ἀ
446 1507 480 1581 Ν
503 1508 538 1580 Ν
562 1486 609 1580 0'·
652 1521 756 1605 1477&
957 1520 1027 1612 '415

126 1714 128 1727 ,
229 1639 292 1738 Quis
308 1666 412 1720 autern
427 1649 541 1742 figuras
557 1648 622 1716 illas
643 1645 809 1719 inciderit?
832 1648 957 1720 solvere
972 1638 1031 1722 dtfss

191 1761 269 1837 titilius
286 1786 355 1853 est,
388 1764 564 1859 eademque
588 1760 753 1835 difficultas
782 1790 819 1835 ac
845 1791 905 1859 pro
918 1769 1031 1864 figuris

189 1881 282 1953 uuus
310 1885 391 1954 anni
423 1880 544 1972 1481,
574 1906 645 1977 quae
678 1899 712 1951 a·
729 1881 914 1976 quibusdam
946 1889 1032 1957 Fini-

184 2021 301 2093 φατε,
324 2003 365 2071 ab
384 2001 449 2071 aliis
466 1999 583 2070 Baccio
603 1999 723 2069 Baldini
745 2018 798 2069 aut
820 1999 942 2073 Sandro
965 2006 1032 2076 Bo·

126 2140 127 2145 ’
181 2117 262 2190 t‘celto
281 2120 466 2190 tribuuntur.
494 2118 574 2187 Non
596 2119 693 2212 magis
717 2117 840 2187 nodum
862 2119 946 2191 hunc
967 2125 1032 2193 sol·

179 2235 212 2306 vit
230 2237 324 2307 abbas
353 2236 466 2334 Rive,
491 2233 620 2331 quandiu
642 2262 717 2330 pag.
746 2259 815 2329 37,
841 2237 966 2334 rernittit
990 2240 1031 2310 ad

176 2350 348 2425 documenta
378 2352 504 2424 latentia
530 2355 562 2422 in
590 2353 724 2423 archivis
755 2354 949 2425 Florentinis.
977 2356 1031 2428 Ad
1148 2408 1152 2413 -
1207 2338 1210 2343 ‚

174 2472 293 2542 etenim
311 2489 528 2543 reccurrerunt
545 2470 689 2557 Bottari,
706 2470 812 2558 Gori,
830 2471 1030 2561 Baldinucci,

172 2584 268 2659 Manui
285 2609 319 2660 et
334 2587 517 2686 Heyneken
536 2588 624 2682 ipse,
644 2587 759 2657 auxilio
777 2587 932 2660 Canonici
950 2575 1031 2662 Ban-

170 2701 240 2796 dini,
265 2708 298 2777 in
319 2704 409 2796 cujus
433 2707 570 2800 epistolis
602 2706 678 2774 mihi
706 2703 813 2777 videre
839 2708 969 2804 contigit
996 2737 1032 2782 se

171 2823 232 2894 nihil
252 2824 400 2920 detegere
419 2825 569 2920 potuisse.

207 2960 268 3032 Sed
296 2961 393 3033 Maso
420 2960 609 3057 Einiguerrae
637 2985 689 3030 eas
718 2958 809 3030 tribui
842 2985 912 3031 non
937 2987 1031 3057 posse

171 3073 285 3151 docent.

210 3211 254 3271 1⁰.
281 3195 454 3294 Temporis
482 3197 624 3268 distantia
654 3196 733 3268 inter
766 3195 869 3290 ipsum
896 3216 928 3268 et
956 3198 1032 3272 Bet-

171 3310 215 3383 tini
243 3340 355 3409 opus,
388 3309 537 3411 quidquid
565 3316 597 3383 in
626 3311 692 3402 ejus
727 3314 873 3384 favorem
901 3315 1033 3388 dixerint

171 3428 311 3520 Oriundi,
328 3432 508 3504 Baidinucci
520 3452 551 3502 et
563 3432 685 3503 Vusari.
703 3430 826 3501 Conni
844 3458 899 3503 eos
920 3434 1031 3505 Manni

171 3541 391 3620 inFlorcntinis
410 3552 564 3635 inventis,
590 3577 665 3644 pag.
684 3573 752 3642 79,
776 3570 809 3619 et
830 3549 1031 3647 Tyrabosclri

171 3672 252 3737 suria
272 3671 353 3738 della
374 3673 542 3737 letteratura
562 3668 723 3754 Iuliana,
749 3668 837 3736 Tum.
861 3670 931 3756 VI,
943 3692 1031 3759 parte

170 3788 310 3875 nunda‘,
333 3812 409 3882 pag.
435 3806 529 3883 455,
551 3786 674 3856 edition.
705 3786 843 3855 Roman.
871 3783 1031 3856 vindicant

171 3900 323 3978 Thotnam
334 3907 544 4001 Finiguerram
556 3902 620 3994 jatn
633 3930 721 3975 anno
739 3928 847 3995 1424,
862 3903 970 3974 &vivis
981 3931 1031 3976 ex·
1071 3927 1077 3941 ·

171 4026 308 4111 cessisse,
330 4049 397 4119 qno
417 4036 502 4093 anno
522 4021 664 4092 nundiun
687 4047 733 4117 30
751 4022 891 4117 attigerat
908 4022 1032 4096 Bettini.
1135 4075 1140 4086 ,

209 4157 256 4212 2⁰.
289 4140 423 4211 Tabella
454 4141 540 4235 pacis
579 4140 768 4213 osculaturia
801 4166 870 4236 quae
904 4142 1032 4213 floren·
1077 4206 1080 4213 .

169 4255 209 4328 tie
230 4277 315 4329 extat
335 4258 367 4327 in
389 4257 572 4351 Baptisterio
594 4257 627 4329 S.
653 4255 832 4345 iohannis,
860 4256 948 4345 cujus
971 4285 1032 4332 cae·
1129 4256 1132 4262 ’

167 4372 255 4447 lutura
278 4376 465 4470 Piniguerrae
493 4375 643 4446 tribuitur.
670 4374 758 4443 Nihil
779 4376 873 4446 habet
897 4377 1030 4448 omnini>

167 4490 193 4560 in
210 4494 420 4572 delineatione
440 4490 642 4562 similitudinis
658 4517 732 4563 curn
750 4492 852 4586 figuris
870 4514 922 4565 aut
936 4493 1030 4565 Dan·

167 4608 199 4678 tis
223 4631 276 4681 aut
300 4610 422 4682 Bettini.

207 4727 260 4800 nd
284 4752 415 4800 coaevos
441 4752 519 4824 ergo
542 4727 764 4801 recurrendum
785 4744 832 4799 est
849 4725 978 4800 artifices
996 4747 1029 4800 et
