2925 6525
164 1046 167 1057 ι

424 1396 455 1467 Α
480 1391 515 1466 Ν
538 1393 572 1465 N
597 1391 633 1465 Ο
686 1413 788 1490 1477.
991 1408 1065 1485 ‘421'
1098 1434 1107 1454 τ

150 1545 153 1623 i
268 1531 363 1605 Infine
382 1533 514 1628 legitur:
536 1530 584 1603 M.
607 1521 740 1602 CCCC.
762 1525 921 1601 LXXVII
940 1535 993 1601 adi
1015 1534 1068 1603 VI

227 1646 267 1720 ul
275 1678 339 1722 nese
354 1653 389 1720 dc
407 1650 570 1718 Februario
587 1675 602 1716 e
620 1633 703 1717 state
722 1650 866 1738 impressa
886 1671 988 1740 questa
1004 1647 1064 1742 opio

150 1766 151 1773 '
219 1771 402 1864 Αγυιαςὶςιω
426 1766 569 1835 Antonio
593 1765 710 1832 Zaroro
734 1766 776 1832 da
800 1765 917 1834 Parma
941 1768 975 1835 in
996 1767 1066 1850 Mi·-¹
1184 1805 1188 1809 ·

214 1890 282 1958 loro.

245 2001 345 2073 Editio
371 2001 482 2096 pn'ma.
513 1999 778 2092 subscriptionem
802 1996 942 2095 sequitur
970 2001 1065 2076 index

206 2121 403 2214 capitulorum
424 2144 465 2190 ex
491 2142 546 2188 sex
570 2117 661 2190 foliis.
689 2117 725 2186 sn
752 2117 913 2187 columnas
940 2119 1064 2214 paginae
1192 2210 1194 2214 ι

202 2235 382 2307 (induntur.
399 2234 506 2306 Habet
524 2235 704 2330 signaturas.
721 2232 913 2304 Charactere
931 2236 1064 2330 gothico

201 2379 265 2426 usus
281 2373 330 2425 est
352 2352 508 2435 latonas,
525 2377 590 2448 quo
613 2351 696 2446 prius
718 2375 779 2444 pro
801 2346 917 2443 AEsopi
929 2350 1062 2440 fabrdis.

199 2471 277 2579 Vide
296 2470 411 2542 Paiton
431 2467 543 2540 Tomo
563 2469 666 2563 primo
677 2519 690 2558 ,
712 2493 783 2564 pag.
807 2467 851 2545 >18
856 2491 900 2559 2,
917 2470 1066 2545 Bibliorhi
1118 2502 1120 2509 ·

197 2590 268 2685 ngr
286 2590 387 2658 aaron
409 2589 608 2684 rogarint.

164 2811 199 2868 11
229 2785 523 2868 Commentaria
552 2777 782 2891 (Gabrielis
807 2782 989 2894 Brebiae)
1019 2788 1063 2871 in
1118 2768 1260 2889 {33⁷

202 2912 374 3037 psalmos
411 2939 452 2998 et
484 2917 637 2998 cantica
677 2913 878 2998 sacrorum
915 2912 1063 3004 biblio.
1125 2946 1188 3079 β
1207 2887 1267 3083 d

202 3077 299 3135 rum.
332 3049 462 3158 In·40.
1142 3069 1146 3075 ,
1296 3075 1299 3081 ⁴

240 3217 343 3316 Operi
360 3216 554 3313 praemittitur
572 3215 713 3312 praefatio
731 3214 866 3288 auctoris
886 3215 926 3287 ad
943 3218 1064 3315 Grego-

197 3336 274 3408 rium
302 3337 429 3433 Beaque
455 3333 726 3406 Mediolanensem
755 3335 848 3431 (quae
876 3352 961 3406 extat
981 3335 1065 3430 apud

196 3453 344 3545 Sunium)
371 3478 442 3549 quae
461 3472 596 3534 occupat
615 3478 670 3523 sex
689 3451 788 3537 folia;
810 3471 842 3523 et
863 3454 897 3522 in
913 3454 974 3523 fine
988 3452 1064 3547 legi·

198 3588 258 3659 tur:
274 3574 451 3662 impressum
463 3571 633 3641 Mediobeni
649 3572 742 3640 nonis
758 3572 935 3660 quintilibus
952 3593 1064 3661 1477,

197 3689 408 3778 imperantibus
429 3689 581 3756 illustrisn
604 3688 852 3776 monemusque
872 3686 1062 3775 principibus
1209 3687 1214 3704 “

197 3804 274 3875 bona
304 3825 400 3872 maere
424 3825 453 3872 et
478 3803 621 3873 Iohanne
648 3801 792 3894 Gaieacio
823 3803 932 3872 Maria
952 3796 1063 3886 sfortia

197 3923 356 3991 vicecomite
366 3921 437 4011 filio
458 3921 582 3988 necibus
603 3920 663 3992 Vl.
685 3980 691 3989 .

238 4036 451 4134 Typographi
471 4060 592 4106 nornen
619 4061 687 4112 non
709 4052 860 4131 apparet3
882 4034 937 4106 sed
958 4059 998 4105 ex
1020 4059 1063 4106 eo

196 4155 324 4249 gothico
347 4178 461 4249 genere
483 4151 605 4225 videnrr
628 4179 694 4249 quo
718 4154 852 4226 Zarotus
873 4150 1064 4249 quandoque

158 4330 162 4337 ,
196 4272 348 4342 utebantr.
363 4268 461 4342 Caret
476 4270 607 4366 signat,
623 4294 710 4343 nurn.
723 4289 756 4342 et
770 4269 893 4343 custod.
908 4269 1064 4365 Insignem

196 4386 259 4475 ejus
290 4370 447 4460 raritatem
473 4387 601 4460 innuere
633 4388 753 4459 videtur
780 4386 890 4462 Satius
902 4442 914 4475 ,
937 4385 976 4458 ad
1003 4412 1064 4457 an-

195 4529 270 4585 num
300 4529 416 4599 14773
437 4505 515 4586 sieut
539 4523 571 4577 et
598 4503 695 4577 altum
719 4502 804 4602 apud
829 4503 1063 4599 bibliographos

194 4622 358 4708 silentium,
624 4624 628 4630 ’

810 4713 915 4808 Ddiij
