<?xml version="1.0" encoding="UTF-8"?>
<!DOCTYPE html PUBLIC "-//W3C//DTD XHTML 1.0 Transitional//EN"
    "http://www.w3.org/TR/xhtml1/DTD/xhtml1-transitional.dtd">
<html xmlns="http://www.w3.org/1999/xhtml" xml:lang="en" lang="en">
 <head>
  <title>
</title>
<meta http-equiv="Content-Type" content="text/html;charset=utf-8" />
  <meta name='ocr-system' content='tesseract 3.04.00' />
  <meta name='ocr-capabilities' content='ocr_page ocr_carea ocr_par ocr_line ocrx_word'/>
</head>
<body>
  <div class='ocr_page' id='page_1' title='image "./indexlibrorumab01lairgoog_0129.png"; bbox 0 0 2925 6525; ppageno 0'>
   <div class='ocr_carea' id='block_1_1' title="bbox 338 1474 1074 1571">
    <p class='ocr_par' dir='ltr' id='par_1_1' title="bbox 338 1474 1074 1571">
     <span class='ocr_line' id='line_1_1' title="bbox 338 1474 1074 1571; baseline 0.005 -18"><span class='ocrx_word' id='word_1_1' title='bbox 338 1474 905 1571; x_wconf 73' lang='lat' dir='ltr'>ADANNUM1480.</span> <span class='ocrx_word' id='word_1_2' title='bbox 1012 1498 1074 1558; x_wconf 86' lang='lat' dir='ltr'>ttt</span> 
     </span>
    </p>
   </div>
   <div class='ocr_carea' id='block_1_2' title="bbox 208 1595 1145 2160">
    <p class='ocr_par' dir='ltr' id='par_1_2' title="bbox 208 1595 1145 1948">
     <span class='ocr_line' id='line_1_2' title="bbox 208 1595 1145 1713; baseline 0.002 -21"><span class='ocrx_word' id='word_1_3' title='bbox 208 1644 347 1692; x_wconf 83' lang='lat' dir='ltr'>nuenses</span> <span class='ocrx_word' id='word_1_4' title='bbox 361 1618 514 1706; x_wconf 85' lang='lat' dir='ltr'>tractavi,</span> <span class='ocrx_word' id='word_1_5' title='bbox 530 1615 670 1713; x_wconf 66' lang='lat' dir='ltr'>perfecti</span> <span class='ocrx_word' id='word_1_6' title='bbox 686 1617 857 1688; x_wconf 83' lang='lat' dir='ltr'>convenire</span> <span class='ocrx_word' id='word_1_7' title='bbox 875 1620 957 1690; x_wconf 86' lang='lat' dir='ltr'>inter</span> <span class='ocrx_word' id='word_1_8' title='bbox 974 1646 1010 1692; x_wconf 86' lang='lat' dir='ltr'>se</span> <span class='ocrx_word' id='word_1_9' title='bbox 1026 1621 1080 1694; x_wconf 84' lang='lat' dir='ltr'>de·</span> <span class='ocrx_word' id='word_1_10' title='bbox 1141 1595 1145 1603; x_wconf 90' lang='lat'><strong>.</strong></span> 
     </span>
     <span class='ocr_line' id='line_1_3' title="bbox 210 1734 1080 1836; baseline 0.005 -28"><span class='ocrx_word' id='word_1_11' title='bbox 210 1736 386 1833; x_wconf 82' lang='lat' dir='ltr'>prehendi,</span> <span class='ocrx_word' id='word_1_12' title='bbox 408 1754 441 1806; x_wconf 89' lang='lat' dir='ltr'>et</span> <span class='ocrx_word' id='word_1_13' title='bbox 462 1753 630 1830; x_wconf 87' lang='lat' dir='ltr'>utrumque</span> <span class='ocrx_word' id='word_1_14' title='bbox 650 1734 803 1805; x_wconf 84' lang='lat' dir='ltr'>Bononiae</span> <span class='ocrx_word' id='word_1_15' title='bbox 824 1734 974 1830; x_wconf 82' lang='lat' dir='ltr'>prodiisse</span> <span class='ocrx_word' id='word_1_16' title='bbox 996 1742 1080 1836; x_wconf 88' lang='lat' dir='ltr'>typis</span> 
     </span>
     <span class='ocr_line' id='line_1_4' title="bbox 214 1849 824 1948; baseline 0 -24"><span class='ocrx_word' id='word_1_17' title='bbox 214 1851 390 1948; x_wconf 82' lang='lat' dir='ltr'>Azzoguidi</span> <span class='ocrx_word' id='word_1_18' title='bbox 406 1851 615 1923; x_wconf 88' lang='lat' dir='ltr'>Bononiensis</span> <span class='ocrx_word' id='word_1_19' title='bbox 624 1849 707 1923; x_wconf 85' lang='lat' dir='ltr'>circa</span> <span class='ocrx_word' id='word_1_20' title='bbox 724 1875 824 1943; x_wconf 89' lang='lat'>1472.</span> 
     </span>
    </p>

    <p class='ocr_par' dir='ltr' id='par_1_3' title="bbox 214 1965 1080 2160">
     <span class='ocr_line' id='line_1_5' title="bbox 261 1965 1080 2066; baseline 0.004 -26"><span class='ocrx_word' id='word_1_21' title='bbox 261 1970 394 2041; x_wconf 79' lang='lat' dir='ltr'>Constat</span> <span class='ocrx_word' id='word_1_22' title='bbox 414 1993 482 2064; x_wconf 89' lang='lat'>147</span> <span class='ocrx_word' id='word_1_23' title='bbox 505 1967 598 2039; x_wconf 85' lang='lat' dir='ltr'>foliis.</span> <span class='ocrx_word' id='word_1_24' title='bbox 615 1965 785 2038; x_wconf 86' lang='lat' dir='ltr'>Columnae</span> <span class='ocrx_word' id='word_1_25' title='bbox 802 1968 926 2066; x_wconf 73' lang='lat' dir='ltr'>integre</span> <span class='ocrx_word' id='word_1_26' title='bbox 943 1993 1014 2047; x_wconf 83' lang='lat' dir='ltr'>sum</span> <span class='ocrx_word' id='word_1_27' title='bbox 1030 1998 1080 2065; x_wconf 87' lang='lat'>40</span> 
     </span>
     <span class='ocr_line' id='line_1_6' title="bbox 214 2091 375 2160; baseline -0.012 0"><span class='ocrx_word' id='word_1_28' title='bbox 214 2091 375 2160; x_wconf 85' lang='lat' dir='ltr'>linearum.</span> 
     </span>
    </p>
   </div>
   <div class='ocr_carea' id='block_1_3' title="bbox 164 2216 1357 2414">
    <p class='ocr_par' dir='ltr' id='par_1_4' title="bbox 164 2216 1357 2414">
     <span class='ocr_line' id='line_1_7' title="bbox 164 2216 1357 2414; baseline -0.056 -44"><span class='ocrx_word' id='word_1_29' title='bbox 164 2309 221 2398; x_wconf 87' lang='lat'>50</span> <span class='ocrx_word' id='word_1_30' title='bbox 250 2284 274 2382; x_wconf 87' lang='lat' dir='ltr'>J</span> <span class='ocrx_word' id='word_1_31' title='bbox 276 2284 344 2368; x_wconf 89' lang='lat' dir='ltr'>oh.</span> <span class='ocrx_word' id='word_1_32' title='bbox 371 2278 484 2367; x_wconf 83' lang='lat' dir='ltr'>Balbi</span> <span class='ocrx_word' id='word_1_33' title='bbox 506 2279 806 2368; x_wconf 85' lang='lat' dir='ltr'>vocabularium</span> <span class='ocrx_word' id='word_1_34' title='bbox 831 2280 1086 2375; x_wconf 71' lang='lat' dir='ltr'>Catholicon,</span> <span class='ocrx_word' id='word_1_35' title='bbox 1119 2216 1357 2414; x_wconf 49' lang='grc' dir='ltr'>Ᾰρῗῐα)</span> 
     </span>
    </p>
   </div>
   <div class='ocr_carea' id='block_1_4' title="bbox 220 2405 1348 2596">
    <p class='ocr_par' dir='ltr' id='par_1_5' title="bbox 220 2405 1348 2596">
     <span class='ocr_line' id='line_1_8' title="bbox 220 2405 1348 2596; baseline -0.016 -98"><span class='ocrx_word' id='word_1_36' title='bbox 220 2412 361 2499; x_wconf 78' lang='lat' dir='ltr'>1n-f01.</span> <span class='ocrx_word' id='word_1_37' title='bbox 390 2417 600 2524; x_wconf 66' lang='lat' dir='ltr'>maximo,</span> <span class='ocrx_word' id='word_1_38' title='bbox 629 2444 685 2497; x_wconf 76' lang='lat' dir='ltr'>m.</span> <span class='ocrx_word' id='word_1_39' title='bbox 711 2443 745 2497; x_wconf 70' lang='lat' dir='ltr'>r.</span> <span class='ocrx_word' id='word_1_40' title='bbox 1101 2405 1348 2596; x_wconf 39' lang='lat' dir='ltr'>baffi</span> 
     </span>
    </p>
   </div>
   <div class='ocr_carea' id='block_1_5' title="bbox 205 2604 1189 4105">
    <p class='ocr_par' dir='ltr' id='par_1_6' title="bbox 205 2604 1087 2909">
     <span class='ocr_line' id='line_1_9' title="bbox 264 2604 1086 2696; baseline 0.005 -22"><span class='ocrx_word' id='word_1_41' title='bbox 264 2605 380 2696; x_wconf 81' lang='lat' dir='ltr'>Incipit</span> <span class='ocrx_word' id='word_1_42' title='bbox 394 2629 528 2676; x_wconf 77' lang='lat' dir='ltr'>,summo</span> <span class='ocrx_word' id='word_1_43' title='bbox 554 2629 620 2695; x_wconf 72' lang='lat' dir='ltr'>quo</span> <span class='ocrx_word' id='word_1_44' title='bbox 639 2625 743 2674; x_wconf 80' lang='lat' dir='ltr'>vocatr</span> <span class='ocrx_word' id='word_1_45' title='bbox 770 2604 943 2675; x_wconf 72' lang='lat' dir='ltr'>catholicon</span> <span class='ocrx_word' id='word_1_46' title='bbox 966 2609 1044 2678; x_wconf 78' lang='lat' dir='ltr'>edita</span> <span class='ocrx_word' id='word_1_47' title='bbox 1064 2633 1086 2677; x_wconf 85' lang='lat' dir='ltr'>a</span> 
     </span>
     <span class='ocr_line' id='line_1_10' title="bbox 205 2702 1087 2812; baseline 0.007 -24"><span class='ocrx_word' id='word_1_48' title='bbox 205 2719 308 2812; x_wconf 78' lang='lat' dir='ltr'>fratre</span> <span class='ocrx_word' id='word_1_49' title='bbox 315 2720 457 2810; x_wconf 74' lang='lat' dir='ltr'>johanne</span> <span class='ocrx_word' id='word_1_50' title='bbox 473 2723 508 2788; x_wconf 78' lang='lat' dir='ltr'>dc</span> <span class='ocrx_word' id='word_1_51' title='bbox 512 2702 621 2806; x_wconf 78' lang='lat' dir='ltr'>janua</span> <span class='ocrx_word' id='word_1_52' title='bbox 633 2723 718 2792; x_wconf 75' lang='lat' dir='ltr'>ordis</span> <span class='ocrx_word' id='word_1_53' title='bbox 725 2716 814 2808; x_wconf 85' lang='lat' dir='ltr'>fratr</span> <span class='ocrx_word' id='word_1_54' title='bbox 820 2721 972 2811; x_wconf 71' lang='lat' dir='ltr'>pdicator.</span> <span class='ocrx_word' id='word_1_55' title='bbox 998 2720 1087 2794; x_wconf 85' lang='lat' dir='ltr'>Talis</span> 
     </span>
     <span class='ocr_line' id='line_1_11' title="bbox 216 2838 940 2909; baseline -0.001 -1"><span class='ocrx_word' id='word_1_56' title='bbox 216 2857 265 2908; x_wconf 86' lang='lat' dir='ltr'>est</span> <span class='ocrx_word' id='word_1_57' title='bbox 281 2838 395 2909; x_wconf 87' lang='lat' dir='ltr'>titulus.</span> <span class='ocrx_word' id='word_1_58' title='bbox 932 2879 940 2894; x_wconf 40' lang='lat' dir='ltr'>x</span> 
     </span>
    </p>

    <p class='ocr_par' dir='ltr' id='par_1_7' title="bbox 217 2951 1189 3496">
     <span class='ocr_line' id='line_1_12' title="bbox 265 2951 1189 3050; baseline 0.012 -28"><span class='ocrx_word' id='word_1_59' title='bbox 265 2952 469 3024; x_wconf 86' lang='lat' dir='ltr'>Terminatur</span> <span class='ocrx_word' id='word_1_60' title='bbox 490 2952 570 3024; x_wconf 82' lang='lat' dir='ltr'>vend</span> <span class='ocrx_word' id='word_1_61' title='bbox 592 2952 672 3024; x_wconf 90' lang='lat' dir='ltr'>folio</span> <span class='ocrx_word' id='word_1_62' title='bbox 686 2977 782 3025; x_wconf 82' lang='lat' dir='ltr'>verso</span> <span class='ocrx_word' id='word_1_63' title='bbox 800 2951 889 3043; x_wconf 85' lang='lat' dir='ltr'>cujus</span> <span class='ocrx_word' id='word_1_64' title='bbox 907 2954 1007 3050; x_wconf 89' lang='lat' dir='ltr'>prima</span> <span class='ocrx_word' id='word_1_65' title='bbox 1028 2983 1089 3030; x_wconf 89' lang='lat' dir='ltr'>co·</span> <span class='ocrx_word' id='word_1_66' title='bbox 1188 3029 1189 3033; x_wconf 73' lang='grc'>,</span> 
     </span>
     <span class='ocr_line' id='line_1_13' title="bbox 220 3070 1110 3172; baseline 0.007 -32"><span class='ocrx_word' id='word_1_67' title='bbox 220 3071 345 3157; x_wconf 84' lang='lat' dir='ltr'>lomna,</span> <span class='ocrx_word' id='word_1_68' title='bbox 352 3097 422 3168; x_wconf 87' lang='lat' dir='ltr'>quae</span> <span class='ocrx_word' id='word_1_69' title='bbox 434 3070 542 3142; x_wconf 89' lang='lat' dir='ltr'>ultima</span> <span class='ocrx_word' id='word_1_70' title='bbox 551 3089 597 3140; x_wconf 90' lang='lat' dir='ltr'>est</span> <span class='ocrx_word' id='word_1_71' title='bbox 607 3071 814 3159; x_wconf 87' lang='lat' dir='ltr'>vocabularii,</span> <span class='ocrx_word' id='word_1_72' title='bbox 822 3071 946 3143; x_wconf 89' lang='lat' dir='ltr'>habet6</span> <span class='ocrx_word' id='word_1_73' title='bbox 951 3094 965 3172; x_wconf 85' lang='lat'>5</span> <span class='ocrx_word' id='word_1_74' title='bbox 976 3073 1089 3162; x_wconf 86' lang='lat' dir='ltr'>lineas;</span> <span class='ocrx_word' id='word_1_75' title='bbox 1108 3166 1110 3170; x_wconf 17' lang='grc' dir='ltr'><strong><em>ι</em></strong></span> 
     </span>
     <span class='ocr_line' id='line_1_14' title="bbox 217 3187 1090 3286; baseline 0.003 -25"><span class='ocrx_word' id='word_1_76' title='bbox 217 3210 338 3261; x_wconf 89' lang='lat' dir='ltr'>etcum</span> <span class='ocrx_word' id='word_1_77' title='bbox 355 3189 495 3284; x_wconf 84' lang='lat' dir='ltr'>sequenti</span> <span class='ocrx_word' id='word_1_78' title='bbox 513 3187 686 3275; x_wconf 58' lang='lat' dir='ltr'>columna,</span> <span class='ocrx_word' id='word_1_79' title='bbox 704 3214 775 3284; x_wconf 85' lang='lat' dir='ltr'>quae</span> <span class='ocrx_word' id='word_1_80' title='bbox 795 3208 842 3261; x_wconf 83' lang='lat' dir='ltr'>est</span> <span class='ocrx_word' id='word_1_81' title='bbox 865 3210 974 3286; x_wconf 83' lang='lat' dir='ltr'>quarta</span> <span class='ocrx_word' id='word_1_82' title='bbox 990 3192 1090 3264; x_wconf 88' lang='lat' dir='ltr'>ultimi</span> 
     </span>
     <span class='ocr_line' id='line_1_15' title="bbox 219 3307 1086 3405; baseline 0.003 -28"><span class='ocrx_word' id='word_1_83' title='bbox 219 3307 314 3395; x_wconf 87' lang='lat' dir='ltr'>folii,</span> <span class='ocrx_word' id='word_1_84' title='bbox 341 3307 450 3401; x_wconf 84' lang='lat' dir='ltr'>legitur</span> <span class='ocrx_word' id='word_1_85' title='bbox 477 3332 485 3377; x_wconf 93' lang='lat'><strong>:</strong></span> <span class='ocrx_word' id='word_1_86' title='bbox 516 3309 624 3397; x_wconf 81' lang='lat' dir='ltr'>Operis</span> <span class='ocrx_word' id='word_1_87' title='bbox 648 3310 741 3376; x_wconf 83' lang='lat' dir='ltr'>totius</span> <span class='ocrx_word' id='word_1_88' title='bbox 773 3310 934 3380; x_wconf 82' lang='lat' dir='ltr'>conclusio.</span> <span class='ocrx_word' id='word_1_89' title='bbox 964 3310 1013 3379; x_wconf 87' lang='lat' dir='ltr'>Ex</span> <span class='ocrx_word' id='word_1_90' title='bbox 1044 3334 1086 3405; x_wconf 59' lang='grc' dir='ltr'>ῃ</span> 
     </span>
     <span class='ocr_line' id='line_1_16' title="bbox 219 3426 320 3496; baseline 0.02 -2"><span class='ocrx_word' id='word_1_91' title='bbox 219 3426 320 3496; x_wconf 87' lang='lat' dir='ltr'>lineis.</span> 
     </span>
    </p>

    <p class='ocr_par' dir='ltr' id='par_1_8' title="bbox 221 3539 1154 4105">
     <span class='ocr_line' id='line_1_17' title="bbox 269 3539 1092 3634; baseline 0.002 -24"><span class='ocrx_word' id='word_1_92' title='bbox 269 3540 437 3611; x_wconf 79' lang='lat' dir='ltr'>Columnae</span> <span class='ocrx_word' id='word_1_93' title='bbox 454 3539 534 3610; x_wconf 77' lang='lat' dir='ltr'>vend</span> <span class='ocrx_word' id='word_1_94' title='bbox 552 3540 682 3634; x_wconf 86' lang='lat' dir='ltr'>integrae</span> <span class='ocrx_word' id='word_1_95' title='bbox 699 3558 846 3611; x_wconf 87' lang='lat' dir='ltr'>constant</span> <span class='ocrx_word' id='word_1_96' title='bbox 862 3562 902 3611; x_wconf 87' lang='lat' dir='ltr'>ex</span> <span class='ocrx_word' id='word_1_97' title='bbox 920 3543 977 3633; x_wconf 89' lang='lat'>67.</span> <span class='ocrx_word' id='word_1_98' title='bbox 994 3541 1092 3614; x_wconf 79' lang='lat' dir='ltr'>Den-</span> 
     </span>
     <span class='ocr_line' id='line_1_18' title="bbox 221 3656 1094 3751; baseline 0 -22"><span class='ocrx_word' id='word_1_99' title='bbox 221 3659 309 3729; x_wconf 89' lang='lat' dir='ltr'>ciunt</span> <span class='ocrx_word' id='word_1_100' title='bbox 326 3658 508 3751; x_wconf 84' lang='lat' dir='ltr'>signaturae,</span> <span class='ocrx_word' id='word_1_101' title='bbox 533 3658 654 3726; x_wconf 86' lang='lat' dir='ltr'>numeri</span> <span class='ocrx_word' id='word_1_102' title='bbox 678 3677 709 3726; x_wconf 85' lang='lat' dir='ltr'>et</span> <span class='ocrx_word' id='word_1_103' title='bbox 737 3656 892 3730; x_wconf 85' lang='lat' dir='ltr'>custodes.</span> <span class='ocrx_word' id='word_1_104' title='bbox 922 3659 1094 3730; x_wconf 84' lang='lat' dir='ltr'>Character</span> 
     </span>
     <span class='ocr_line' id='line_1_19' title="bbox 221 3773 1154 3870; baseline -0.002 -26"><span class='ocrx_word' id='word_1_105' title='bbox 221 3774 308 3844; x_wconf 87' lang='lat' dir='ltr'>idem</span> <span class='ocrx_word' id='word_1_106' title='bbox 332 3798 399 3869; x_wconf 91' lang='lat' dir='ltr'>quo</span> <span class='ocrx_word' id='word_1_107' title='bbox 424 3773 590 3844; x_wconf 88' lang='lat' dir='ltr'>Mantelius</span> <span class='ocrx_word' id='word_1_108' title='bbox 615 3799 686 3844; x_wconf 82' lang='lat' dir='ltr'>usus</span> <span class='ocrx_word' id='word_1_109' title='bbox 707 3792 753 3844; x_wconf 85' lang='lat' dir='ltr'>est</span> <span class='ocrx_word' id='word_1_110' title='bbox 768 3799 833 3870; x_wconf 17' lang='lat' dir='ltr'>,pro</span> <span class='ocrx_word' id='word_1_111' title='bbox 856 3777 991 3866; x_wconf 75' lang='lat' dir='ltr'>Speculis</span> <span class='ocrx_word' id='word_1_112' title='bbox 1011 3780 1095 3842; x_wconf 87' lang='lat' dir='ltr'>Virr-</span> <span class='ocrx_word' id='word_1_113' title='bbox 1148 3798 1154 3813; x_wconf 68' lang='lat'>⁸</span> 
     </span>
     <span class='ocr_line' id='line_1_20' title="bbox 222 3891 1097 3985; baseline 0.003 -24"><span class='ocrx_word' id='word_1_114' title='bbox 222 3894 311 3961; x_wconf 73' lang='lat' dir='ltr'>aneti</span> <span class='ocrx_word' id='word_1_115' title='bbox 332 3892 557 3962; x_wconf 70' lang='lat' dir='ltr'>Bellovacensu</span> <span class='ocrx_word' id='word_1_116' title='bbox 575 3909 606 3959; x_wconf 89' lang='lat' dir='ltr'>et</span> <span class='ocrx_word' id='word_1_117' title='bbox 627 3915 687 3985; x_wconf 90' lang='lat' dir='ltr'>pto</span> <span class='ocrx_word' id='word_1_118' title='bbox 707 3891 844 3962; x_wconf 74' lang='lat' dir='ltr'>Marino</span> <span class='ocrx_word' id='word_1_119' title='bbox 860 3891 1040 3981; x_wconf 57' lang='lat' dir='ltr'>Sybarim,</span> <span class='ocrx_word' id='word_1_120' title='bbox 1064 3912 1097 3964; x_wconf 89' lang='lat' dir='ltr'>et</span> 
     </span>
     <span class='ocr_line' id='line_1_21' title="bbox 225 3987 1122 4105; baseline -0.003 -26"><span class='ocrx_word' id='word_1_121' title='bbox 225 4009 259 4078; x_wconf 90' lang='lat' dir='ltr'>in</span> <span class='ocrx_word' id='word_1_122' title='bbox 277 4033 318 4079; x_wconf 88' lang='lat' dir='ltr'>eo</span> <span class='ocrx_word' id='word_1_123' title='bbox 333 4009 415 4104; x_wconf 70' lang='lat' dir='ltr'>saepe</span> <span class='ocrx_word' id='word_1_124' title='bbox 434 4008 553 4079; x_wconf 84' lang='lat' dir='ltr'>occurit</span> <span class='ocrx_word' id='word_1_125' title='bbox 569 4002 631 4105; x_wconf 70' lang='lat' dir='ltr'><em>R</em></span> <span class='ocrx_word' id='word_1_126' title='bbox 645 4008 815 4101; x_wconf 86' lang='lat' dir='ltr'>singularis.</span> <span class='ocrx_word' id='word_1_127' title='bbox 1121 3987 1122 3993; x_wconf 7' lang='grc' dir='ltr'>ἵ</span> 
     </span>
    </p>
   </div>
   <div class='ocr_carea' id='block_1_6' title="bbox 225 4117 1103 4785">
    <p class='ocr_par' dir='ltr' id='par_1_9' title="bbox 225 4117 1103 4785">
     <span class='ocr_line' id='line_1_22' title="bbox 275 4117 1099 4231; baseline 0.002 -36"><span class='ocrx_word' id='word_1_128' title='bbox 275 4117 357 4196; x_wconf 79' lang='lat' dir='ltr'>Inter</span> <span class='ocrx_word' id='word_1_129' title='bbox 369 4125 607 4231; x_wconf 61' lang='lat' dir='ltr'>Bidrliographos</span> <span class='ocrx_word' id='word_1_130' title='bbox 619 4125 762 4195; x_wconf 87' lang='lat' dir='ltr'>nonnulli</span> <span class='ocrx_word' id='word_1_131' title='bbox 774 4124 944 4196; x_wconf 88' lang='lat' dir='ltr'>editionem</span> <span class='ocrx_word' id='word_1_132' title='bbox 954 4127 1035 4198; x_wconf 88' lang='lat' dir='ltr'>hanc</span> <span class='ocrx_word' id='word_1_133' title='bbox 1048 4153 1099 4197; x_wconf 90' lang='lat' dir='ltr'>an·</span> 
     </span>
     <span class='ocr_line' id='line_1_23' title="bbox 225 4241 1100 4339; baseline 0 -24"><span class='ocrx_word' id='word_1_134' title='bbox 225 4244 394 4339; x_wconf 77' lang='lat' dir='ltr'>nquiorem</span> <span class='ocrx_word' id='word_1_135' title='bbox 411 4241 449 4313; x_wconf 78' lang='lat' dir='ltr'>eai</span> <span class='ocrx_word' id='word_1_136' title='bbox 466 4268 536 4339; x_wconf 83' lang='lat' dir='ltr'>quae</span> <span class='ocrx_word' id='word_1_137' title='bbox 555 4241 669 4336; x_wconf 87' lang='lat' dir='ltr'>prodiit</span> <span class='ocrx_word' id='word_1_138' title='bbox 686 4241 860 4336; x_wconf 86' lang='lat' dir='ltr'>Moguntiae</span> <span class='ocrx_word' id='word_1_139' title='bbox 879 4268 965 4313; x_wconf 91' lang='lat' dir='ltr'>anno</span> <span class='ocrx_word' id='word_1_140' title='bbox 986 4249 1100 4334; x_wconf 86' lang='lat'>1460,</span> 
     </span>
     <span class='ocr_line' id='line_1_24' title="bbox 228 4356 1101 4454; baseline -0.001 -23"><span class='ocrx_word' id='word_1_141' title='bbox 228 4358 443 4448; x_wconf 86' lang='lat' dir='ltr'>affirmarunt,</span> <span class='ocrx_word' id='word_1_142' title='bbox 466 4362 545 4430; x_wconf 88' lang='lat' dir='ltr'>inter</span> <span class='ocrx_word' id='word_1_143' title='bbox 565 4384 646 4453; x_wconf 86' lang='lat' dir='ltr'>quos</span> <span class='ocrx_word' id='word_1_144' title='bbox 667 4356 802 4454; x_wconf 86' lang='lat' dir='ltr'>Prosper</span> <span class='ocrx_word' id='word_1_145' title='bbox 825 4358 1020 4446; x_wconf 87' lang='lat' dir='ltr'>Marchand,</span> <span class='ocrx_word' id='word_1_146' title='bbox 1038 4363 1101 4430; x_wconf 74' lang='lat' dir='ltr'>his-</span> 
     </span>
     <span class='ocr_line' id='line_1_25' title="bbox 229 4476 1102 4571; baseline 0.001 -26"><span class='ocrx_word' id='word_1_147' title='bbox 229 4482 301 4546; x_wconf 79' lang='lat' dir='ltr'>toire</span> <span class='ocrx_word' id='word_1_148' title='bbox 321 4481 354 4547; x_wconf 79' lang='lat' dir='ltr'>de</span> <span class='ocrx_word' id='word_1_149' title='bbox 369 4478 588 4567; x_wconf 77' lang='lat' dir='ltr'>l&#39;imprimerie,</span> <span class='ocrx_word' id='word_1_150' title='bbox 603 4504 678 4571; x_wconf 80' lang='lat' dir='ltr'>pag.</span> <span class='ocrx_word' id='word_1_151' title='bbox 698 4500 762 4570; x_wconf 80' lang='lat'>37,</span> <span class='ocrx_word' id='word_1_152' title='bbox 779 4477 834 4546; x_wconf 89' lang='lat' dir='ltr'>sed</span> <span class='ocrx_word' id='word_1_153' title='bbox 850 4476 987 4546; x_wconf 69' lang='lat' dir='ltr'>maximd</span> <span class='ocrx_word' id='word_1_154' title='bbox 1001 4482 1102 4567; x_wconf 79' lang='lat' dir='ltr'>partic</span> 
     </span>
     <span class='ocr_line' id='line_1_26' title="bbox 228 4590 1103 4690; baseline -0.001 -25"><span class='ocrx_word' id='word_1_155' title='bbox 228 4598 350 4665; x_wconf 72' lang='lat' dir='ltr'>seconde</span> <span class='ocrx_word' id='word_1_156' title='bbox 366 4647 378 4682; x_wconf 93' lang='lat'>‚</span> <span class='ocrx_word' id='word_1_157' title='bbox 397 4621 473 4690; x_wconf 80' lang='lat' dir='ltr'>pag.</span> <span class='ocrx_word' id='word_1_158' title='bbox 500 4618 597 4690; x_wconf 81' lang='lat'>134,</span> <span class='ocrx_word' id='word_1_159' title='bbox 618 4594 671 4664; x_wconf 90' lang='lat' dir='ltr'>ubi</span> <span class='ocrx_word' id='word_1_160' title='bbox 693 4590 820 4664; x_wconf 86' lang='lat' dir='ltr'>deducit</span> <span class='ocrx_word' id='word_1_161' title='bbox 842 4618 949 4665; x_wconf 89' lang='lat' dir='ltr'>causas</span> <span class='ocrx_word' id='word_1_162' title='bbox 969 4619 1033 4667; x_wconf 84' lang='lat' dir='ltr'>suae</span> <span class='ocrx_word' id='word_1_163' title='bbox 1050 4619 1103 4664; x_wconf 88' lang='lat' dir='ltr'>as-</span> 
     </span>
     <span class='ocr_line' id='line_1_27' title="bbox 232 4732 387 4785; baseline 0.013 -2"><span class='ocrx_word' id='word_1_164' title='bbox 232 4732 387 4785; x_wconf 76' lang='lat' dir='ltr'>semotus.</span> 
     </span>
    </p>
   </div>
   <div class='ocr_carea' id='block_1_7' title="bbox 0 0 1536 6525">
    <p class='ocr_par' dir='ltr' id='par_1_10' title="bbox 0 0 1536 6525">
     <span class='ocr_line' id='line_1_28' title="bbox 0 0 1536 6525; baseline 0 0"><span class='ocrx_word' id='word_1_165' title='bbox 0 0 1536 6525; x_wconf 95' lang='lat' dir='ltr'> </span> 
     </span>
    </p>
   </div>
  </div>
 </body>
</html>
