2925 6525
423 1361 456 1435 Α
480 1363 514 1437 Ν
537 1362 572 1436 Ν
595 1365 632 1436 Ο
685 1362 830 1461 1477·⁴
991 1389 1065 1471 423

216 1496 335 1593 ¹lriooli
351 1504 414 1571 dell
427 1504 531 1571 ordine
552 1505 587 1572 dc
595 1501 694 1591 fratri
709 1504 890 1593 predicatori
909 1567 919 1599 ι
923 1530 947 1596 p
968 1533 1064 1576 mano

214 1619 308 1704 lilio.
328 1620 457 1713 religiosi
470 1616 556 1706 frate
576 1621 728 1688 dominico
749 1621 918 1713 da'pistoia
936 1645 965 1691 er
978 1622 1063 1711 frate

205 1737 272 1826 pirro
288 1738 330 1805 da
356 1736 444 1808 Pisa.
475 1735 679 1832 deogratias.

243 1852 380 1925 Celebris
397 1853 467 1923 haec
481 1850 578 1924 editio
594 1877 631 1924 ac
648 1850 779 1948 legenda
796 1853 886 1924 tantis
899 1855 1009 1927 fabulis
1025 1883 1064 1930 ac

203 1969 362 2040 visionibus
380 1970 514 2054 referta,
531 1968 710 2039 charactere
730 1969 861 2063 gothico
879 1971 1064 2065 imprimitur

199 2086 248 2157 sub
273 2080 426 2158 'columna
452 2083 576 2179 duplici.
604 2084 733 2179 Absque
758 2085 893 2180 signat,
917 2112 1013 2160 num..
1030 2108 1080 2161 et·

195 2201 335 2291 crutod„
357 2220 391 2274 et
406 2219 529 2274 constat
553 2199 618 2300 158
637 2202 731 2273 foliis.
752 2204 920 2299 Exemplar
936 2205 1062 2300 elegans

196 2344 229 2390 ac
247 2319 443 2415 completum
463 2317 606 2391 editionis
624 2319 796 2394 rarissimae.

162 2562 199 2637 14
225 2535 289 2618 M.
316 2534 371 2618 Τ.
399 2533 549 2636 (ἶίςετοΙ
571 2533 621 2620 de
651 2531 825 2647 officiis,
851 2534 903 2619 de
926 2538 1060 2620 amici·
1139 2519 1265 2628 θ’θ’

201 2660 278 2770 tii,
308 2663 359 2750 de
395 2649 595 2751 senectuti
625 2691 676 2750 et
693 2665 906 2778 paradoxa.
942 2665 1061 2779 Impr.
1121 2637 1192 2790 ss
1214 2590 1288 2791 ff

199 2797 363 2881 Parisiis
381 2799 420 2878 in
441 2799 506 2878 νὶα
523 2795 555 2879 S
557 2855 569 2880 .
590 2795 725 2883 Jocobi
738 2798 791 2879 ad
805 2800 1058 2910 intersignium

194 2925 304 3040 flrllis
328 2928 461 3009 viridis
489 2927 653 3039 (Petrus
680 2929 835 3018 Caesoris
860 2957 897 3008 et
918 2925 1060 3013 Joonrz.
1116 2975 1117 2978 ¹

201 3057 301 3142 Stoll
312 3056 330 3171 )
363 3086 468 3173 1477
484 3120 498 3163 ,
516 3091 638 3141 mense
655 3060 843 3173 Augusto.
861 3057 1003 3144 In-fol.
1018 3089 1060 3148 v.

163 3312 200 3400 15
228 3290 323 3376 Vite
354 3286 651 3372 matrimonialis
681 3285 818 3405 regula
849 3288 978 3374 brevis
1012 3288 1063 3373 ad
1155 3286 1252 3393 ἦ·

204 3421 395 3509 Jacobum
417 3421 479 3507 de·
494 3422 750 3533 Borgiannis.
774 3424 904 3522 Iuro.
1128 3424 1177 3619 {A
1206 3445 1259 3611 l(

237 3632 273 3702 In
296 3633 358 3702 fine
379 3630 511 3726 legitur:
526 3633 628 3723 finis:
645 3636 763 3729 grotias
781 3656 791 3704 ε
812 3630 913 3703 Deo:
935 3653 963 3699 ct
983 3630 1062 3698 Ma·
1268 3649 1272 3658 ·

197 3753 253 3820 rie:
277 3774 409 3840 semper:
429 3750 563 3843 virgini:
579 3747 709 3840 perfecto
737 3752 783 3819 die
809 3747 902 3817 XVI
921 3745 1061 3815 octubris

197 3862 242 3938 M.
265 3864 400 3938 CCCC.
422 3864 592 3938 LXXVII.
614 3868 688 3935 Deo
705 3867 834 3961 gratias.

240 4003 376 4074 Constat
401 4022 449 4093 40
477 4001 590 4089 foliis,
616 4002 733 4099 absque
756 4003 892 4097 signat,
916 4024 1003 4073 num.
1029 4018 1063 4072 et

196 4119 315 4193 custod.
341 4119 515 4191 Charactet
543 4120 670 4219 ¹elegans
693 4137 740 4191 est
766 4115 917 4191 rotundus
940 4143 978 4190 ac
1000 4117 1063 4187 rni-

194 4259 284 4311 nutus
296 4293 309 4327 ‚
322 4257 364 4309 ‘et
384 4240 468 4308 bunc
490 4236 654 4308 florentiae
676 4223 827 4330 prodiisse
849 4235 1029 4329 suspicaret.

241 4354 410 4447 Exemplar
440 4354 710 4449 elegantissimum.
751 4350 949 4424 Describitur
980 4345 1064 4445 apud

196 4469 319 4561 Deris,
337 4470 405 4543 ΝΟ.
430 4493 509 4564 ςο9.
535 4472 657 4541 Auctor
681 4466 771 4556 hujus
795 4488 841 4539 est
862 4470 954 4539 frater
972 4465 1063 4537 Che·

198 4590 324 4662 rubinus
346 4616 387 4662 ex
409 4590 541 4686 Spoleto
563 4587 678 4660 ordinis
702 4586 888 4667 Minorum,
906 4582 960 4677 qui
975 4580 1064 4685 dira-

801 4695 865 4770 Dd
881 4697 914 4767 iv

883 5225 1248 5467 ·ssl'
